3516 5272
1409 504 1450 565 77

230 738 234 744 .
273 725 276 729 ,
320 701 324 706 ·
362 667 489 726 Laertius
508 667 549 722 Ill
568 669 602 723 56
622 683 681 740 sqq.
751 693 755 702 ·
842 667 846 755 Ι
879 669 995 724 Albinus
1006 687 1031 740 p.
1044 673 1130 740 149‚5
1150 670 1263 742 [Fraud.
1273 687 1300 742 p.
1312 673 1364 728 258
1374 673 1444 742 sqq.]

227 785 340 865 λογίας
367 783 435 870 ἥτις
447 827 449 832 ,
461 786 526 850 ἐστὶ
554 783 663 870 πρῶτη
692 783 831 869 ἡγεῖται
869 787 931 850 εἰσὶ
948 785 1259 874 Δερκυλλίδρςλλ)
1283 790 1338 852 καὶ
1355 788 1457 875 Θρά-

228 889 470 979 Εὐθύφρων
489 890 634 979 δεύτερος
650 887 815 971 ἀπολογία
869 893 996 969 συλος.
1014 929 1016 932 ·

227 997 426 1084 Σωκράτους,
449 1004 552 1085 τρίτος
579 1001 750 1083 Κρίτων..
769 1004 815 1062 τέ-

226 1127 341 1191 ταρτος
354 1108 621 1174 Φαίδων....57
640 1107 767 1172 δοκοῦσι
779 1107 817 1170 δέ
873 1108 1004 1186 149,13
1035 1110 1229 1195 παραδεῖξαι
1257 1107 1319 1194 γάρ
1347 1107 1456 1193 βούλε-

227 1234 282 1292 μοι
294 1211 482 1299 προσώποις
498 1215 554 1275 καί
571 1217 652 1295 βίων
667 1211 815 1297 περιστά-
870 1237 925 1276 ται
948 1211 1063 1288 ὁποῖος
1086 1212 1130 1278 άν
1145 1218 1194 1300 εἴη
1211 1213 1228 1279 ὁ
1246 1219 1303 1280 τοῦ
1326 1214 1456 1297 φιλοσό-

227 1311 812 1404 σεσινήθεληκέναιτάξινέπιθεῒναι.
871 1339 936 1400 φου
959 1324 1036 1402 βίος.

228 1485 231 1490 ’
317 1474 430 1538 Alieno
445 1474 562 1538 iudicio
580 1475 636 1538 isti
653 1476 783 1557 sapiunt
798 1476 973 1558 magistelli
990 1475 1042 1558 [ef.
1058 1495 1088 1556 p.
1104 1477 1146 1539 44
1162 1475 1219 1559 n.].
1256 1477 1376 1555 Quodsi
1393 1479 1457 1542 alia
1585 1471 1586 1476 ’

228 1579 352 1646 Laertii
382 1587 415 1645 et
443 1581 551 1646 Albini
581 1589 775 1663 congruunt,
806 1583 918 1647 subest
945 1582 1137 1646 Laertianus
1165 1583 1220 1646 ille
1248 1584 1454 1666 biographus

230 1687 348 1774 Subest
371 1689 478 1772 igitur
501 1693 534 1752 et
563 1689 595 1752 in
621 1689 751 1770 ‘dialogi
780 1688 968 1754 definitione
999 1687 1150 1770 generali'
1184 1688 1304 1771 [Laert.
1330 1691 1378 1754 III
1402 1694 1454 1771 48,

228 1795 362 1860 Albinus
392 1815 422 1876 p.
456 1797 529 1876 147,
561 1795 616 1879 18]
647 1802 679 1861 et
709 1798 751 1861 ‘in
781 1796 952 1878 generibus
976 1796 1096 1876 dialogi
1124 1795 1292 1860 Platonici
1331 1796 1453 1879 [Laert.
1547 1881 1551 1890 Ι

227 1899 275 1994 ΙΠ
299 1905 440 1982 tta-oi,
466 1902 536 1967 Alb.
566 1905 638 1982 148,
660 1899 732 1989 24],
758 1905 896 1986 denique
920 1903 953 1966 in
977 1903 1027 1982 iis,
1052 1919 1135 1984 quae
1159 1903 1199 1966 de
1228 1904 1330 1969 ‘initio
1355 1905 1455 1986 serip-

229 2009 326 2072 tionis
349 2009 545 2072 Platonioae’
571 1991 721 2090 Laertius
745 2010 802 2087 ΙΠ,
829 2011 870 2074 62
895 2015 929 2074 et
952 2009 1086 2073 Albinus
1110 2028 1140 2089 p.
1165 2011 1237 2090 149,
1266 2013 1281 2073 1
1307 2029 1375 2091 sqq.
1401 2029 1455 2074 ex-

227 2118 364 2194 ponunt:
382 2133 464 2198 quae
481 2115 609 2196 quidem
627 2117 735 2180 omnia
758 2135 796 2180 ex
821 2122 993 2197 conspeetu
1009 2117 1203 2180 incertorum
1220 2115 1333 2198 [supra
1348 2137 1378 2198 p.
1398 2117 1454 2201 67]

227 2217 311 2310 nuno
336 2220 533 2284 excludenda
557 2227 639 2286 sunt.

628 2488 659 2544 d.
682 2489 726 2547 lle
747 2487 849 2546 Gellio
867 2489 900 2544 et
919 2488 1058 2544 Laertio.

297 2624 300 2630 “
318 2631 467 2695 Laertius
492 2649 563 2696 oum
585 2637 689 2696 totum
713 2632 753 2695 de
768 2631 914 2696 Platonis
938 2631 1157 2696 malivolentia
1179 2631 1286 2697 lotum
1310 2637 1453 2712 pertrac-

228 2741 329 2818 taret,
355 2757 424 2802 eum
455 2738 535 2802 alios
557 2739 677 2803 multos
707 2740 796 2804 velut
820 2726 980 2803 Molonem
1004 2738 1228 2803 Antisthenen
1252 2739 1452 2820 Aristippum

228 2844 393 2909 Socratem
426 2851 494 2910 tum
529 2845 776 2927 Xenophontem
800 2847 885 2910 inter
910 2847 977 2910 eius
1001 2846 1147 2910 inimicos
1170 2847 1363 2911 numeravit.
1410 2845 1453 2910 Et

231 2951 270 3014 de
300 2950 359 3014 hoo
389 2951 517 3031 quidem
546 2951 593 3014 ita
621 2952 753 3018 disserit
775 2953 823 3017 III
847 2953 903 3017 34:

230 3095 233 3100 2
317 3056 397 3120 ἔοικε
425 3058 466 3120 δὲ
494 3057 549 3120 καὶ
573 3061 729 3142 Ξενοφῶν
757 3058 837 3143 πρὸς
860 3057 962 3126 αὐτὸν
985 3059 1069 3140 ἔχειν
1093 3055 1149 3124 οὔκ
1173 3055 1330 3142 εὐμενῶς·

228 3174 230 3180 '
302 3181 327 3268 I.
353 3177 459 3266 ῶσπερ
482 3187 560 3262 γοῦν
588 3181 899 3264 διαφιλονεικοῦντες
925 3181 967 3246 τὰ
996 3179 1094 3266 ὅμοια
1120 3176 1313 3269 γεγράφασί
1332 3181 1454 3267 συμπά-

338 3306 435 3370 νσιον,
460 3285 648 3370 Σωκράτους
662 3286 865 3372 ἀπολογίαν,
889 3285 928 3352 τά
954 3284 1055 3372 ἧδικά
1078 3285 1415 3374 ἀπομνημονεύματα·

288 3394 328 3458 ΙΙ.
353 3396 421 3458 εἶδ’
444 3391 461 3457 o‘
483 3395 544 3480 μὲν
567 3394 744 3480 πολιτείαν,
769 3393 786 3458 ὁ
809 3395 846 3457 δὲ
869 3395 980 3476 Κιίρου
1004 3379 1177 3461 παιδείαν·

226 3493 230 3500 ’
268 3493 327 3564 111.
353 3503 408 3563 καί
434 3504 469 3566 ἐν
491 3514 557 3576 τοῖς
579 3500 690 3585 νόμοις
713 3500 731 3565 ὁ
750 3500 890 3566 Πλάτων
913 3499 1046 3585 πλάσμα
1064 3506 1166 3588 φησὶν
1188 3507 1273 3567 εἶναι
1295 3502 1353 3589 τὴν
1377 3529 1451 3567 παι-

231 3599 242 3634 ”
356 3608 448 3672 δείαν
471 3605 588 3672 αὐτοῦ·
611 3607 654 3692 μὴ
677 3607 739 3694 γάρ
764 3612 846 3674 εἶναι
872 3609 976 3692 Κῦρον
998 3616 1161 3675 τοιοῦτον·
1221 3681 1222 3686 1

272 3715 327 3778 IV.
354 3711 533 3799 ἀμφότεροί
562 3739 596 3779 τε
618 3713 808 3800 Σωκράτους
834 3717 1084 3800 μνημονεύοντες
1112 3713 1260 3800 ἇλλὴλων
1291 3715 1451 3800 οὐδαμοῦ,

356 3819 447 3904 πλὴν·
464 3821 622 3904 Ξενοφῶν
639 3821 817 3896 Πλάτωνος
833 3822 875 3904 ιδν
900 3828 992 3910 τρίτῳ
1015 3832 1079 3888 τῶν
1100 3821 1448 3909 ἀπομνημονευμάτων.

234 3955 236 3957 ·
317 3943 380 4007 Diu
397 3949 471 4009 ante
487 3945 652 4011 Laertium
678 3943 900 4029 ‘aquodam
917 3949 1098 4014 Platonis
1124 3955 1163 4014 et
1179 3937 1450 4031 Xenophontis

227 4041 458 4133 biographo'
489 4054 610 4118 invidia
637 4054 766 4119 illorum
798 4056 995 4136 argumentis
1019 4056 1132 4121 iisdem
1157 4061 1228 4120 erat
1252 4055 1453 4140 confirmata

226 4228 439 4240 —Q-u——o—b--d

297 4335 334 4406 ⁸2)
352 4335 525 4403 Dereyllidae
553 4335 638 4404 igitur
665 4337 794 4392 memoria
812 4337 885 4405 apud
909 4337 1015 4392 Laertii
1040 4338 1219 4407 biographum
1239 4337 1359 4391 extabat.
1397 4338 1449 4410 [Of.

226 4425 327 4482 Fraud.
345 4443 372 4494 p.
392 4425 464 4494 266]
