3516 5272
1389 464 1432 530 45

216 645 359 727 excerpti
387 643 481 710 sunt’.
527 643 611 709 Hine
637 641 750 708 breves
777 640 850 708 illas
878 641 918 706 de
947 640 1044 708 rebus
1071 641 1271 724 testibusque
1305 641 1433 708 notulas

215 750 354 832 arripuit
392 748 550 815 Laertius.
612 750 679 816 Nee
725 750 842 816 desunt
887 767 1039 832 expressa
1082 749 1232 832 vestigia
1281 751 1434 816 nonnulla

214 857 392 941 proferam:

259 965 336 1032 vul
367 967 403 1047 4,
439 967 480 1030 82
520 962 707 1050 [Archytae]
742 962 867 1047 πρῶτος
899 957 996 1039 αὐτός
1025 956 1115 1039 οὗτος
1147 963 1200 1048 [de
1234 983 1297 1047 quo
1329 965 1435 1048 agitur

215 1070 452 1156 philosophus]·
476 1069 620 1157 δεύτερος
637 1070 857 1157 Μυτιληναῖος
878 1069 1027 1156 μουσικός
1126 1070 1199 1158 περὶ
1221 1070 1256 1136 δε
1279 1071 1336 1137 τοῦ
1358 1095 1435 1156 γιον-

215 1179 304 1245 σικοῦ
327 1183 458 1266 φέρεται
485 1184 539 1243 καὶ
562 1175 647 1256 τόδε,
677 1177 718 1254 ὥς
746 1173 980 1262 ὀνειδιζόμενος
1005 1176 1060 1241 ἐπὶ
1087 1176 1129 1263 μή
1153 1179 1198 1265 τῷ
1220 1176 1436 1258 ἐξακοόεοδαι

216 1288 314 1350 εἴποι·
338 1286 374 1350 τό
398 1283 460 1372 γόρ
484 1285 626 1372 ὄργανον
648 1283 727 1372 ὑπὲρ
756 1284 833 1371 ἐμοῦ
861 1280 1132 1368 διαγωνιζόμενον
1159 1284 1258 1352 λαλεῖ.
1315 1286 1435 1365 Quodsi

216 1393 302 1458 dicta
323 1393 435 1459 musici
458 1396 570 1458 auctor
592 1397 784 1475 exposuerat
806 1391 1006 1472 Laertianus,
1027 1392 1103 1473 quin
1125 1409 1178 1457 res
1202 1410 1328 1476 quoque
1350 1393 1435 1460 idem

215 1500 396 1566 narraverit
417 1499 470 1565 uix
498 1499 684 1566 dubitabile.
733 1500 772 1564 In
794 1498 927 1564 Eudoxo
955 1498 1077 1564 medico
1102 1497 1214 1564 Cnidio
1241 1517 1294 1566 res
1324 1501 1435 1568 eadem

215 1605 292 1672 VHI
315 1607 357 1672 90
381 1605 433 1690 [cf.
456 1625 488 1688 p.
506 1605 572 1690 43].
617 1605 726 1673 calx
749 1606 791 1670 56
813 1608 930 1684 Γέγονε
952 1606 987 1671 δὲ
1009 1613 1064 1670 καί
1086 1605 1184 1683 ἄλλος
1205 1608 1434 1695 Πρωταγόρας,

216 1714 261 1789 είς
282 1708 322 1780 όν
341 1719 396 1777 καί
410 1707 582 1801 Εὐφορίων
597 1710 777 1799 ἐπικήδειον
792 1712 946 1800 ἔγραψεν.
986 1712 1020 1780 Si
1036 1715 1268 1797 epigrammata
1283 1716 1437 1783 extabant

217 1822 314 1886 etiam
329 1821 468 1888 vitarum
482 1820 671 1904 corpuscula
686 1822 886 1887 inventorum
900 1819 1116 1903 librorumque
1134 1826 1167 1887 et
1187 1841 1435 1906 quoruncunque

217 1947 296 2011 opus
325 1934 397 1995 erat
425 1929 587 1994 mentione
614 1930 772 1994 instructa
794 1928 881 1995 velut
903 1927 936 1992 Π
960 1927 1001 1992 58
1025 1932 1175 2015 τέταρτος
1198 1928 1308 2014 [Bion]
1331 1938 1436 2018 Δημο-

216 2040 347 2121 κρίτειος
379 2034 434 2099 καί
459 2036 687 2121 μαθηματικός
708 2031 894 2121 Ἀβδηρίτης
909 2029 1040 2100 Ἀτδίδι
1064 2033 1232 2122 γεγραφὼς
1259 2044 1315 2102 καὶ
1331 2037 1435 2102 Ἰοίδι·

217 2135 306 2218 οὗτος
326 2142 448 2228 πρῶτος
470 2147 560 2211 είπεν
581 2146 665 2209 είναί
686 2165 776 2219 τινας
798 2140 941 2227 οίιιήσεις,
965 2137 1053 2208 ἔνθα
1071 2146 1246 2223 γίγνεσθαι
1268 2147 1303 2222 ἓξ
1325 2151 1437 2231 μηνοδν

216 2247 273 2334 τήν
294 2247 395 2317 νύκτα
417 2256 473 2315 καὶ
495 2255 531 2330 ἓξ
549 2253 607 2337 τήν
629 2247 759 2337 ἡμέραν.
799 2251 862 2316 Res
885 2250 995 2332 tetigit
1016 2249 1173 2315 Demetrii
1197 2249 1318 2333 Scepsii
1340 2251 1368 2318 V
1393 2253 1434 2318 84

216 2353 387 2434 ἑνδέκατος
409 2358 552 2447 Σκήψιος
572 2356 725 2433 πλούσιος
753 2359 808 2420 καί
835 2352 960 2440 εὐγενής
987 2357 1164 2444 ἄνθρωπος
1186 2357 1241 2420 καί
1264 2354 1436 2444 φιλόλογος

217 2464 335 2551 ἄκρως·
366 2461 460 2541 οὗτος
486 2466 541 2530 καί
570 2462 791 2553 Μητρόδωρον
824 2467 1015 2551 προεβίβασε
1040 2464 1100 2530 τόν
1127 2464 1271 2552 πολίτην.
1323 2463 1435 2549 Neque

217 2589 342 2638 amores
365 2573 531 2640 Aeschinis
559 2574 690 2640 reticuit
717 2570 924 2654 Neapolitani
945 2571 978 2636 II
1002 2571 1043 2635 64
1071 2573 1160 2647 ίκτος
1183 2621 1211 2636 ..
1237 2571 1435 2638 Μελανθίου

214 2677 364 2766 μαθητής
390 2685 445 2744 καὶ
471 2678 608 2746 παιδικά
641 2699 700 2746 nee
732 2698 868 2774 poenam
899 2677 1069 2762 chrysippi
1102 2677 1218 2744 medici
1247 2677 1321 2763 [VII
1346 2680 1433 2765 186]

215 2787 373 2853 Demetrii
383 2787 503 2854 Ixionis
520 2807 694 2870 cognomen
710 2807 749 2854 ex
763 2788 881 2854 iniuria
896 2786 1034 2870 quadam
1049 2786 1083 2850 in
1097 2775 1251 2852 Iun'onem
1267 2789 1436 2854 commissa

216 2894 388 2977 explicavit
417 2895 588 2977 attulitque
618 2900 651 2961 et
673 2900 917 2978 praeceptorum
939 2893 1067 2959 nomina
1091 2891 1133 2975 [V
1157 2893 1208 2958 61.
1235 2892 1291 2976 84]
1316 2899 1348 2959 et
1372 2895 1436 2960 dis·

217 3000 393 3083 cipulorum
427 3002 501 3087 [VII
524 3002 580 3086 35]
616 3007 649 3067 et
682 3007 851 3084 parentum
885 3001 929 3085 [X
953 3000 1009 3085 26]
1041 3003 1074 3064 et
1106 2997 1242 3064 fratrum
1277 3000 1322 3085 [Π
1347 3001 1433 3086 103]

216 3108 388 3175 Poetarum
422 3109 573 3176 victorias
611 3114 760 3174 accurate
796 3109 886 3175 novit
923 3128 962 3174 ex
999 3106 1213 3188 locupletibus
1252 3110 1435 3176 auctoribus

216 3215 306 3300 [VIII
330 3216 385 3300 90]
420 3220 453 3282 et
485 3215 643 3282 artificum
676 3234 865 3298 progressus
900 3215 945 3300 [Π
970 3216 1032 3280 103
1061 3214 1139 3282 VIII
1161 3216 1204 3280 46
1240 3217 1302 3301 sq]
1353 3218 1436 3297 Quid

216 3323 331 3405 plura?
358 3317 488 3389 'Nonne
515 3341 723 3407 quaecunque
751 3341 821 3388 cum
847 3323 914 3389 vita
943 3324 1102 3406 rebusque
1126 3323 1226 3405 gestis
1250 3328 1284 3389 et
1307 3325 1435 3407 scriptis

217 3428 388 3496 cohaerent
411 3435 603 3512 exposuerat
625 3431 764 3496 indicum
788 3435 898 3497 auctor
921 3431 1134 3498 Laertianus?

306 3556 331 3604 c.
358 3538 468 3617 ‘Quam
491 3538 614 3621 largam
637 3539 943 3604 testimoniorum
966 3539 1090 3620 copiam
1113 3538 1299 3621 adsciverit,
1327 3556 1367 3604 ex
1389 3539 1436 3605 di·

216 3642 359 3711 lacerata
374 3644 592 3728 catalogorum
607 3646 760 3711 memoria
782 3644 859 3711 licet
881 3647 1046 3714 conicere’.
1085 3647 1122 3711 In
1145 3646 1260 3730 quibus
1280 3645 1434 3711 citantur:

306 3753 519 3837 Apollodorus
541 3754 575 3819 in
599 3752 757 3819 chronicis
1034 3752 1080 3818 VI
1105 3755 1177 3818 1-01.
1201 3753 1279 3819 VIII
1302 3755 1353 3818 90.

305 3862 485 3944 Antigonus
946 3901 947 3906 κ
1044 3859 1077 3924 Π
1124 3860 1174 3924 15.
1230 3859 1277 3924 IX
1301 3860 1352 3925 59.

306 3969 497 4036 Aristoteles
1045 3966 1176 4031 11104.
1248 3966 1352 4031 Vt‘l.

305 4077 514 4142 Aristoxenus
531 4074 634 4162 [ἐντῷ
648 4073 820 4148 Πλάτωνος
835 4075 895 4160 βίῳ
910 4073 939 4137 V
955 4071 1011 4156 35]
1031 4071 1077 4138 IV
1125 4073 1175 4136 15.
1248 4072 1277 4139 V
1301 4073 1353 4137 35.

307 4182 520 4249 Callimachus
544 4182 644 4264 epigr.
1033 4180 1080 4244 IX
1127 4180 1178 4244 17.

306 4291 404 4356 Duris
1063 4286 1079 4350 Ι
1125 4286 1177 4351 38.

306 4397 523 4464 Erasistratus
1018 4392 1079 4458 VII
1105 4393 1177 4457 186.
