3516 5272
338 504 381 569 42

207 761 209 764 ¹
338 699 405 764 sqq.
431 680 525 747 dixit:
550 678 647 744 Alter
668 677 772 744 euleu
794 677 887 764 [ἔνιοι
910 678 946 742 δὲ
967 684 1023 743 καὶ
1046 679 1089 763 ..]
1111 679 1195 744 a'uos
1216 677 1411 753 statuarios,
1442 699 1552 744 unum

337 789 499 854 rhetorem
520 792 553 852 et
572 785 745 860 medieum,
771 787 855 852 duos
875 785 1097 872 complectitur
1115 784 1296 852 historicos.
1334 787 1378 850 In
1400 787 1462 851 hae
1484 807 1555 851 uua

338 917 374 960 re
402 895 512 960 adhue
533 895 708 959 haeremus
729 894 820 980 qual
838 914 942 980 neque
963 891 1087 957 musiei
1106 913 1210 978 neque
1237 890 1346 978 opscus
1366 890 1561 979 philosophi

338 1001 458 1068 mentio
469 1002 549 1087 fiat.
586 1000 637 1066 At
649 1021 717 1065 nou
738 1003 788 1064 est
806 1021 869 1064 eur
889 1001 1094 1074 haereamus,⁸
1119 1000 1295 1065 dummodo
1309 1001 1414 1074 verbo,
1439 999 1559 1086 quihus

337 1106 441 1174 euleu
470 1106 527 1172 ille
561 1105 693 1194 incipit,
723 1111 805 1172 reete
832 1105 1106 1192 interpretemur:
1135 1104 1173 1171 oi
1203 1105 1243 1170 cli
1270 1111 1335 1171 καὶ
1362 1103 1489 1172 ἄλλον
1513 1145 1556 1156 -

338 1215 418 1300 φασὶ
436 1212 651 1301 Πυθαγόραν.
690 1211 850 1279 Laertius
864 1212 976 1298 egetur
995 1213 1054 1277 hos
1075 1213 1159 1278 solos
1174 1213 1385 1300 Pythagoras
1397 1233 1441 1279 ex
1454 1213 1557 1278 altero

336 1320 446 1387 undele
479 1319 623 1387 enotam't
652 1341 795 1408 quorum
829 1318 869 1384 in
896 1319 1014 1406 priore
1041 1321 1190 1385 noudum
1216 1318 1339 1385 mentio
1359 1319 1459 1406 faeta
1486 1324 1561 1384 erat

337 1433 395 1502 eta,
428 1434 468 1494 ut
498 1429 641 1494 alterum
669 1427 812 1493 endieem
839 1449 908 1492 nou
934 1426 1102 1512 possemus
1131 1425 1171 1491 in
1195 1426 1381 1513 pristinam
1400 1427 1558 1512 formam

337 1555 495 1610 reuocare,
520 1533 595 1600 nisi
613 1533 805 1600 nominihus
826 1534 1037 1620 Pythagorae
1054 1532 1247 1620 philosophi
1265 1531 1391 1599 musici
1409 1532 1557 1598 aliorum

336 1663 353 1707 e
376 1639 494 1728 priore
521 1640 705 1728 suppletis?
748 1641 793 1706 At
821 1642 850 1706 si
877 1644 989 1705 auctor
1012 1641 1134 1706 Laertii
1157 1641 1191 1705 id
1219 1639 1311 1722 fecit,
1339 1640 1425 1723 quod
1452 1641 1557 1722 ipsum

336 1749 405 1816 vult
420 1749 585 1814 Laertium
607 1747 721 1814 fecisse
737 1746 967 1813 Nietzscheus?
1005 1746 1039 1814 si
1055 1765 1094 1812 ex
1114 1747 1356 1830 chronographo
1371 1747 1479 1814 nescio
1494 1766 1557 1830 quo

337 1860 489 1939 quattuor
506 1856 643 1939 sumpsit
664 1856 800 1938 priores,
825 1855 908 1920 sicut
932 1872 970 1918 ex
985 1853 1157 1919 Polemone
1181 1855 1326 1937 quintum
1350 1855 1558 1937 sextumque?

336 1962 386 2028 Au
402 1963 562 2029 diversum
578 1967 628 2028 est
640 1962 725 2045 quod
736 1963 770 2027 in
781 1961 956 2027 Democriti
974 1961 1042 2026 vita
1052 1961 1099 2026 IX
1109 1962 1150 2026 49
1170 1961 1304 2044 legitur:
1322 1961 1465 2047 δεύτερος
1479 1965 1558 2037 Χῖος

335 2071 485 2152 μουσικὸς
504 2068 589 2133 κατὰ
612 2070 670 2134 τὸν
693 2065 795 2135 αὐτὸν
816 2065 933 2153 χρόνον
962 2068 1072 2152 [atoue
1095 2067 1327 2153 philosophus}
1374 2069 1497 2135 Utrum
1513 2069 1557 2135 sit

335 2177 455 2257 verius,
491 2177 612 2258 ignoro.
675 2175 775 2241 Nihili
806 2175 968 2257 estquod
996 2174 1156 2239 obstruxit
1183 2174 1392 2240 Nietzscheus
1421 2175 1556 2257 impedi·

334 2287 477 2347 mentum
499 2302 529 2365 p.
550 2284 622 2347 196.
669 2282 797 2348 Etenim
827 2281 976 2347 Laertius
1004 2299 1074 2346 cum
1101 2281 1250 2346 ultimum
1277 2282 1411 2347 alterius
1440 2282 1555 2347 indicis

334 2388 551 2472 Pythagoram
573 2390 632 2455 τὸν
656 2385 785 2473 Δωρικὰ
808 2391 1138 2471 πεπραγματευμένον
1164 2394 1387 2470 memorasset,
1415 2389 1449 2454 in
1471 2388 1556 2455 hunc

334 2498 463 2563 modum
490 2498 577 2562 nullo
605 2497 773 2564 interiecto
800 2495 898 2561 verbo
926 2496 1082 2577 perrexit:
1100 2491 1331 2582 Ἐρατοσθένης
1353 2496 1390 2560 δέ
1411 2513 1489 2582 φησι
1512 2531 1556 2546 -

334 2602 423 2668 καθὸ
451 2609 505 2667 καὶ
537 2606 725 2691 Φαβωρῖνος
748 2606 968 2689 παρατίθεται
992 2639 1030 2650 -
1060 2607 1206 2669 τοῦτον
1233 2605 1317 2667 εἶναι
1343 2601 1400 2668 τόν
1428 2606 1556 2692 πρῶτον

335 2709 486 2792 ἐντέχνως
511 2707 734 2776 πυκτεύσαντα
764 2708 830 2775 κτλ.
881 2707 1127 2774 Fauorinumve
1146 2714 1305 2795 putemus
1327 2710 1555 2797 Pythagoram

334 2819 391 2882 τόν
418 2818 547 2903 Δωρικὰ
575 2819 907 2902 πεπραγματευμένον
933 2815 1158 2880 clarissimum
1187 2815 1341 2902 pugilem
1368 2817 1556 2884 eemuisse?

335 2923 483 2992 hanone
503 2923 647 3012 quictem,
671 2923 736 3011 qui
754 2925 894 2991 seeundo
917 2921 1033 2988 adiuti
1051 2943 1131 2987 casu
1144 2921 1307 2988 desertum
1323 2923 1458 2989 Laertii
1470 2930 1554 2990 teru-

335 3053 412 3097 mus
425 3031 658 3114 testemonium,
674 3031 884 3098 Fauorinum
899 3029 938 3096 in
952 3027 1142 3114 Omnigena
1156 3028 1351 3096 historiale
1361 3031 1555 3117 Pythagora

328 3137 524 3226 philosopha
546 3139 748 3204 athletarum
771 3137 940 3204 nutritore
961 3157 1120 3202 narrasse
1144 3137 1236 3202 VIII
1253 3139 1304 3202 12.
1344 3139 1421 3222 Qua
1443 3137 1556 3224 egetur

334 3245 464 3312 ratione
497 3247 659 3312 sedandae
692 3252 776 3312 sunt
805 3247 947 3310 turbae?
999 3242 1106 3309 Nihd
1139 3243 1341 3331 compluens,
1379 3247 1555 3312 dummodo

333 3353 503 3426 concedas,
546 3354 778 3420 Eratosthenes
812 3353 851 3417 de
884 3350 999 3438 priom
1032 3350 1155 3437 pugile
1194 3353 1236 3416 P.
1274 3351 1500 3419 testimonium
1533 3377 1555 3420 a

335 3458 470 3525 [πατὴρ
497 3481 515 3525 e
543 3459 711 3526 Fauorini
735 3483 768 3524 π.
792 3458 812 3526 i.
836 3458 979 3546 petitum
1008 3478 1089 3531 esse,
1126 3456 1167 3522 id
1188 3459 1279 3544 quoo'
1301 3457 1425 3544 apertis
1450 3459 1556 3526 uerbis

335 3564 516 3632 indicatur.
565 3568 646 3652 Jam
673 3565 830 3632 caraille
850 3563 952 3652 prior
979 3566 1250 3652 homonymorum
1273 3564 1391 3640 τ’παῖτπ,
1421 3566 1556 3632 nomim

334 3674 546 3759 Pythagorae
560 3671 756 3760 philosophi
763 3671 898 3758 finitur
920 3670 1018 3738 allius
1038 3669 1187 3758 quedem,
1211 3670 1310 3738 cuius
1327 3673 1556 3759 gymnasticos

334 3786 367 3845 et
385 3779 555 3846 athleticae
568 3785 656 3845 artes
670 3777 863 3844 Fauorinus
877 3780 983 3866 effert.
1020 3781 1064 3844 In
1081 3785 1241 3866 promptu
1255 3784 1310 3854 est,
1334 3801 1398 3866 quo
1413 3782 1554 3846 tendam.

335 3889 415 3953 Eece
438 3885 605 3973 origimm
628 3886 729 3952 totius
751 3886 817 3952 loci
836 3886 948 3952 talieta
969 3894 1157 3973 expressam
1165 3911 1177 3950 :

379 3996 468 4060 Fons
494 3994 549 4058 A:
577 3993 681 4058 iudex
703 3994 976 4081 homonymorum
998 3994 1082 4058 Iex
1104 3991 1271 4058 Fauorino
1293 3995 1492 4080 desumptus.

379 4103 468 4166 Fons
489 4103 544 4165 B:
567 4099 671 4166 iudex
693 4101 741 4164 II.

379 4209 468 4273 Fons
489 4207 543 4272 A:
565 4207 797 4273 Eratosthenes
820 4206 857 4271 δέ
878 4223 963 4292 φησι,
987 4207 1075 4270 καθὸ
1101 4210 1154 4269 καὶ
1179 4208 1419 4293 Φαβωρῖνος.

423 4314 511 4380 Nihil
556 4333 633 4380 sane
676 4314 864 4398 elegantius.
927 4313 1046 4378 Tamen
1085 4313 1264 4396 elegantiae
1302 4311 1554 4379 Nietzscheanae

336 4421 463 4490 fallacia
486 4422 695 4488 disturbando
718 4427 781 4503 est,
810 4426 847 4488 ut
869 4440 946 4488 vera
972 4421 1164 4487 restituatur
1187 4419 1385 4502 simplicitas
1432 4420 1553 4486 Iterum
1604 4445 1608 4452 ·
