3506 5272
314 633 344 694 p.
363 615 383 676 4
407 616 516 677 statua
538 612 645 694 posita
668 629 688 674 a
709 609 859 692 Philippo
892 655 893 658 κ

313 721 381 803 p.5
407 721 529 786 Itinera
551 718 775 802 philosophiae
799 737 896 785 causa
919 723 1068 801 suscepta

317 848 346 910 p.
365 831 384 892 7
408 828 446 893 In
469 825 674 910 philosophia
696 827 820 892 merita.

594 1023 625 1078 h.
645 1022 689 1078 Do
708 1020 857 1090 llesyohlo
877 1021 909 1076 61
927 1020 1064 1076 Laertio.

313 1150 416 1230 Pergo
440 1148 481 1213 ad
503 1147 708 1229 Hesychium.
747 1145 899 1228 Hesychii
922 1147 989 1211 vita
1012 1145 1197 1213 Aristotelis
1220 1166 1302 1230 quae
1326 1149 1443 1214 dicitur

225 1256 454 1337 Menagiana
489 1255 624 1320 celebris
658 1259 832 1336 propterea
858 1259 922 1333 est,
958 1254 1042 1335 quod
1073 1255 1228 1322 librorum
1263 1245 1443 1338 catalogum

223 1362 451 1445 Hermippeum
483 1361 612 1427 exhibet
638 1361 810 1426 Laertiano
838 1360 947 1442 paullo
976 1362 1166 1442 pleniorem:
1203 1367 1274 1427 octo
1310 1364 1393 1428 enim
1423 1383 1443 1428 a
1545 1343 1547 1352 Α

222 1469 352 1535 Laertio
382 1471 491 1536 omissi
521 1469 658 1534 redeunt
687 1470 721 1533 in
743 1468 945 1550 Menagiana.
997 1469 1034 1533 In
1062 1469 1129 1534 vita
1158 1471 1337 1534 enarranda
1363 1489 1442 1551 prae

222 1578 405 1644 Ptolemaeo
439 1597 502 1643 non
541 1576 761 1659 aspernandus
799 1581 857 1641 est.
918 1575 1065 1641 Tradidit
1102 1575 1201 1642 fuisse
1234 1576 1441 1643 Aristotelem

311 1683 456 1749 ‘balbum’
483 1684 603 1768 [Laert.
629 1703 668 1748 ex
692 1682 905 1766 Timotheo]
1225 1675 1226 1678 '

312 1791 505 1858 ‘Nicomachi
529 1810 568 1856 en
590 1790 779 1873 Herpyllide
802 1790 937 1872 patrem’
965 1788 1017 1872 [cf.
1042 1789 1099 1873 ih]

313 1898 472 1964 ‘Hermiae
507 1902 683 1963 amatorem
719 1903 752 1963 61
781 1898 932 1962 Hermiae
968 1895 1053 1961 filiae
1087 1898 1265 1990 maritumi,
1300 1899 1440 1982 citatque

313 2006 471 2093 ‘hymnum
494 2007 527 2071 in
550 2005 723 2070 Hermiam’
734 2001 789 2090 103)
1334 2088 1336 2092 ι

311 2118 338 2179 1.
364 2115 529 2196 Perpauca
551 2113 696 2178 resident
718 2112 751 2177 in
767 2111 944 2178 Aristotele
960 2112 1134 2178 Laertiano
1159 2112 1255 2178 dubia
1278 2114 1441 2198 hucusque

219 2227 317 2305 atque
340 2222 507 2303 adespota:
532 2221 620 2287 velut
644 2220 683 2286 de
699 2220 880 2286 Alexandro
904 2221 1007 2302 deque
1036 2219 1221 2286 Callistrato
1241 2222 1438 2306 historiolae,

220 2331 362 2412 corporis
385 2329 514 2394 habitus
537 2329 718 2410 descriptus
742 2333 775 2394 et
799 2328 988 2410 Ambryonis
1013 2329 1239 2394 testimonium.

308 2441 337 2503 2.
362 2437 527 2503 Praeter
571 2435 757 2501 Fauorini
802 2442 1215 2516 apomnemoneumata
1260 2438 1440 2519 dignosci

218 2547 324 2612 solus
362 2547 495 2626 potest
528 2542 774 2624 biographus
809 2543 877 2607 illc
912 2560 1023 2623 quem
1058 2541 1096 2606 in
1131 2542 1318 2609 Platonis
1353 2547 1440 2611 vita

218 2671 336 2735 supra
359 2649 691 2732 deprehendimus
716 2648 796 2732 [scil.
814 2644 989 2715 Favorinus
1010 2650 1043 2714 in
1069 2650 1248 2731 ‘omnigena
1267 2651 1437 2737 historia’J.

306 2760 335 2823 3.
362 2757 489 2823 Tertius
512 2756 595 2820 liber
618 2757 705 2821 velut
726 2756 847 2821 Dioclis
870 2774 911 2820 ne
933 2755 985 2820 hic
1006 2755 1134 2839 quidem
1155 2758 1298 2839 quamvis
1320 2760 1438 2825 acriter

216 2866 355 2931 intuenti
377 2883 441 2929 non
465 2863 623 2945 adparuit.

620 3132 650 3196 3.
678 3130 719 3196 lle
743 3130 928 3212 Pythaqorae
951 3130 1020 3195 vila.

591 3288 620 3329 a.
639 3273 682 3329 lio
702 3272 855 3330 clemente
874 3273 905 3327 et
923 3271 1060 3329 Laertio.

303 3401 394 3479 Quod
417 3401 457 3465 de
472 3399 617 3465 Platonis
641 3399 1167 3497 611111119191161111161161111119
1190 3402 1325 3483 institui,
1350 3404 1435 3470 idem

214 3510 253 3575 de
269 3509 453 3591 Pythagora
475 3511 634 3588 repetam:
659 3507 763 3572 tribus
784 3507 868 3571 enim
884 3508 1037 3589 exemplis
1053 3506 1172 3572 suffieit
1186 3509 1234 3572 rei
1250 3527 1346 3590 quam
1361 3531 1434 3592 pro-

213 3617 306 3699 posui
321 3616 491 3681 veritatem
507 3615 752 3679 demonstrasse.
786 3613 941 3694 Incipiam
957 3633 977 3677 a
992 3613 1164 3681 Clementis
1181 3618 1432 3696 comparatione:

284 3757 334 3826 1⁰³)
353 3756 502 3810 Dicendum
521 3754 637 3824 donique
656 3761 698 3811 est
717 3754 750 3810 de
769 3754 1006 3824 apophthegmatis
1018 3754 1208 3810 Aristoteliois.
1239 3755 1434 3812 Extenduntur

212 3845 275 3902 inde
294 3845 328 3900 ab
347 3846 373 3900 V
394 3848 424 3900 17
447 3845 621 3916 [ἀναφέρεται
639 3850 676 3907 εἰς
694 3844 776 3900 αὐτὸν
794 3847 840 3898 καὶ
862 3844 1064 3916 ἀποφθέγματα
1088 3845 1213 3900 κάλλιστα
1237 3846 1322 3915 ταυτί]
1346 3861 1432 3914 usque

215 3936 249 3990 ad
269 3939 301 3990 21
325 3936 385 4005 [xci
403 3936 553 4007 ταῦταμὲν
571 3935 706 3997 ricciario
724 3933 903 4006 ἁναφέρετα1].
940 3934 1017 3990 Unus
1041 3933 1076 3988 ad
1099 3950 1178 4002 quam
1199 3941 1332 4004 provocet
1356 3941 1432 3990 extat

212 4025 363 4080 Favorinus
381 4024 410 4078 in
433 4024 739 4094 apomnemoneumatis:
765 4026 829 4094 φησὶ
853 4026 882 4078 δὲ
902 4032 936 4078 ψ.
955 4028 984 4078 ἐν
1006 4026 1042 4096 τῷ
1061 4025 1173 4096 δευτέρῳ
1195 4027 1249 4079 τῶν
1272 4025 1431 4098 ἀπομνημο-

213 4115 351 4188 νευμάτων
370 4111 405 4175 ὡς
428 4113 550 4168 ἑκάστοτε
574 4118 647 4187 λέγω
671 4107 700 4186 ‘qi
719 4118 801 4185 φίλοι,
826 4113 914 4174 οὐδεὶς
939 4113 1031 4185 φ116ς’.
1069 4111 1134 4166 ἀλλὰ
1153 4115 1198 4167 καὶ
1217 4119 1245 4167 ἐν
1271 4116 1307 4186 τῷ
1325 4115 1430 4188 ἑβδόμῳ

212 4205 264 4258 τῶν
282 4203 384 4270 ἠθικῶν
402 4207 483 4259 ἐστίν.
520 4204 582 4258 Etsi
601 4203 689 4258 videri
711 4203 798 4274 possit
819 4208 904 4257 totam
923 4202 1058 4257 dictorum
1082 4203 1180 4257 seriem
1204 4220 1430 4272 apomnemoneu-

211 4293 292 4347 matis
310 4291 406 4347 deberi
425 4292 562 4361 Favorini,
581 4298 671 4348 tamen
690 4308 734 4347 reo
752 4293 872 4347 nondum
890 4292 1030 4361 expedita,
1054 4292 1181 4360 quoniam
1203 4308 1352 4362 anonymae
1372 4292 1430 4347 dic·

212 4388 302 4437 torum
320 4381 440 4451 syllogae
459 4381 597 4450 frequenti
615 4397 666 4436 usu
686 4397 736 4452 per
754 4381 946 4451 antiquitatem
965 4381 1095 4437 seriorem
1113 4382 1274 4452 praesertim
1294 4383 1429 4455 vigebant.
