3516 5272
1385 493 1476 557 11·

204 671 335 752 prodiit,
352 675 398 752 ut,
416 671 531 753 quibus
543 670 649 736 verbis
663 673 783 733 certam
797 668 957 750 quandam
970 687 1140 748 personam
1153 675 1265 733 auctor
1278 669 1431 750 adpellat

205 797 244 842 ea
267 780 300 843 in
323 779 439 844 librum
465 797 555 843 suam
571 779 699 858 integra
714 775 914 840 transferret.
956 776 1094 839 Totam
1118 776 1246 855 igitur
1268 777 1432 857 Epicuri

205 886 431 951 doctrinam
456 887 570 950 docte
587 884 702 949 illam
719 888 756 947 et
772 884 928 964 copiose
946 883 1168 962 expositam
1191 883 1238 947 ad
1254 883 1432 949 Dioclem

206 1011 291 1057 esse
313 992 579 1057 revocandam.
607 1025 649 1036 -

293 1099 354 1163 Hic
378 1100 469 1180 quasi
485 1099 526 1163 ad
542 1099 765 1178 respirandum
789 1097 948 1176 substitit3
975 1097 1015 1161 ad
1037 1097 1101 1160 alia
1118 1097 1256 1162 animum
1274 1101 1432 1164 convertit

206 1211 239 1271 et
262 1205 429 1270 recreavit.
476 1205 626 1270 Reiectus
649 1224 732 1271 novo
755 1223 814 1268 neo
837 1205 940 1268 minus
964 1204 1145 1268 vehementi
1169 1205 1292 1284 impetu
1314 1187 1439 1271 iterum·

206 1313 428 1396 quaestionem
461 1313 649 1394 adgreditur
679 1313 771 1395 [mus.
802 1311 891 1377 rhen.
917 1312 1022 1376 XXIV
1052 1310 1168 1394 [1869]
1197 1331 1218 1393 p
1250 1315 1313 1376 194
1337 1315 1429 1398 sqq.].

206 1420 289 1485 Ante
326 1421 432 1484 omnia
467 1420 611 1485 subsidia
645 1419 706 1484 sibi
741 1419 886 1500 paranda
922 1437 992 1483 esse
1026 1419 1117 1483 vidit.
1170 1420 1285 1497 Quam
1306 1420 1433 1488 infirma

206 1527 345 1608 paravit!
387 1525 531 1607 Sumpsit
548 1527 630 1590 enim
647 1526 731 1607 quod
757 1527 796 1589 de
821 1526 923 1590 stoica
947 1531 980 1590 et
1003 1526 1153 1607 epicurea
1177 1527 1324 1592 doctrina
1346 1528 1431 1594 idern

206 1634 245 1697 de
276 1633 399 1714 cynica:
429 1633 480 1696 cui
509 1633 711 1696 coniecturae
740 1631 836 1696 fidem
866 1633 1036 1698 conciliare
1067 1634 1191 1699 studuit
1221 1652 1259 1698 ex
1287 1635 1332 1700 VI
1358 1637 1430 1715 103,

206 1740 261 1804 ubi
296 1739 375 1803 haec
406 1739 537 1823 scripsit
564 1739 727 1802 Laertius:
764 1737 1085 1824 προσυπογράψομεν
1121 1739 1157 1802 δὲ
1190 1745 1245 1804 καὶ
1274 1742 1315 1803 τὰ
1344 1750 1433 1830 κοινῇ

205 1843 384 1932 ἀρέσκοντα
413 1842 522 1918 αύτοϊς
552 1881 594 1892 -
622 1841 748 1928 άρίσκει
778 1841 838 1910 οὖν
867 1842 976 1920 αὐτοῖς
1008 1884 1046 1892 -
1078 1847 1132 1908 καὶ
1159 1845 1238 1933 ὅπερ
1270 1851 1350 1922 τινες
1378 1847 1435 1911 ἐπὶ

206 1950 402 2038 Σωκράτους,
419 1959 514 2017 τοῦτο
527 1951 690 2037 Διοκλῆς
705 1953 760 2016 ἐπὶ
772 1958 943 2031 Διογένους
959 1952 1152 2038 α’ναγράφει,
1169 1960 1283 2019 τοῦτον
1297 1953 1433 2038 φάσκων

207 2061 325 2138 λέγειν·
344 2062 407 2124 ‘dal
420 2059 521 2145 ζητεῖν
536 2057 602 2123 ὅττι
617 2080 666 2124 τοι
681 2059 718 2125 δν
730 2059 895 2144 μεγάροισι
911 2061 1011 2125 κακόν
1026 2064 1055 2124 τ’
1070 2058 1206 2140 ἀγαθόν
1221 2087 1253 2124 τε
1267 2064 1431 2128 τέτακταί.
1543 2147 1546 2154 1

206 2169 314 2234 Etiam
337 2169 370 2232 in
396 2163 512 2233 ceteris
535 2167 798 2249 philosophorum
821 2170 950 2250 placitis
971 2159 1154 2235 Laertianis
1178 2175 1266 2234 certo
1282 2170 1433 2235 Diocleac

208 2276 342 2357 originis
371 2275 568 2357 deprehendi
596 2276 742 2356 vestigia.
795 2275 876 2353 Quin
912 2276 992 2341 adeo
1021 2277 1141 2341 Dioclis
1176 2277 1278 2359 ipsius
1312 2277 1433 2342 fontem

207 2401 433 2464 nonnunquam
458 2383 579 2464 detegi;
609 2383 698 2447 velut
722 2383 960 2464 Apollodorum,
986 2385 1137 2464 quoniam
1160 2385 1221 2448 VH
1247 2386 1306 2448 181
1333 2386 1433 2450 mani-

207 2489 324 2554 festum
345 2491 377 2554 in
396 2490 520 2555 Stoicos
537 2491 581 2554 sit
597 2491 703 2555 odium
727 2491 867 2556 studium
891 2510 970 2572 erga
986 2492 1175 2572 Epicureos:
1200 2492 1255 2554 καὶ
1270 2487 1432 2556 Ἀντύλλο-

208 2596 309 2682 δωρος
326 2597 361 2659 δὲ
376 2594 582 2682 δἈθρναΐος
598 2597 679 2680 [scil.
694 2598 886 2682 Epicureus]
902 2596 939 2660 ἕν
951 2598 986 2686 τῇ
1004 2599 1171 2685 συναγωγῇ
1182 2599 1247 2662 τῶν
1260 2597 1434 2681 δογμάτων

209 2703 267 2788 [=
295 2709 366 2788 aspi
400 2704 592 2788 colonomon
626 2705 781 2788 αἱρέσεων
815 2703 852 2770 of.
885 2707 975 2770 Diels
1011 2706 1142 2788 doxogr,
1174 2726 1220 2788 gr.
1254 2727 1284 2788 p.
1316 2709 1357 2770 79
1387 2707 1433 2792 n.]

208 2809 404 2892 βουλόμενος
415 2811 632 2897 παριστάνειν,
652 2811 700 2876 ὅτι
712 2810 753 2875 τά
765 2809 959 2896 Ἐπικούρου
971 2815 1073 2892 οἰκείᾳ
1086 2812 1222 2895 δυνάμει
1231 2819 1434 2899 γεγραμμένα

207 2917 263 2980 καὶ
290 2913 492 2998 άπαράδετα
520 2919 601 2983 ὄντα
632 2924 733 3002 μυρίῳ
765 2919 864 2982 πλείω
894 2918 961 2981 ἐστὶ
984 2918 1048 2982 τῶν
1075 2923 1268 3000 Χρυσίππου
1292 2919 1434 3001 βιβλίων,

208 3029 306 3109 φησὶν
340 3023 440 3100 οὕτως
475 3023 552 3116 αὐτῇ
580 3026 617 3114 τῇ
647 3027 746 3104 λέξει·
778 3027 817 3088 ‘si
838 3025 900 3109 γάρ
928 3049 976 3098 τις
1005 3021 1123 3108 ἆζοέλοι
1151 3032 1216 3091 τῶν
1244 3031 1435 3111 Χρυσίππου

208 3131 351 3214 βιβλίων,
376 3130 424 3196 δυ’
448 3130 607 3215 ἆλλάτρια
630 3137 874 3216 παρατέθειται,
900 3131 992 3204 κενὸς
1015 3128 1103 3217 αύτῷ
1126 3129 1144 3197 ὁ
1165 3132 1282 3218 χάρτης
1304 3134 1434 3198 καταλε-

208 3240 380 3327 λείψεταύ·
415 3243 595 3306 καὶταῦτα
629 3245 689 3324 μὲν
724 3237 741 3304 δ
771 3237 1042 3326 Ἀπολλόδωρος·
1078 3239 1096 3325 ἢ
1128 3241 1163 3305 δὲ
1193 3241 1432 3326 παρεδρεύουσα

209 3350 375 3432 πρεσβῦτις
399 3348 501 3433 αύτῷ,
535 3346 576 3423 ὥς
600 3367 676 3432 φησι
701 3348 849 3432 Διοκλῆς,
875 3349 981 3428 ἐλεγεν
1004 3347 1046 3424 ὥς
1067 3353 1295 3423 πεντακοσίους
1317 3347 1436 3434 γράφει

208 3459 336 3535 στίχους
370 3454 564 3540 ἡμερησίους.
619 3458 700 3521 Item
736 3457 965 3537 Apollodorum
993 3458 1023 3522 X
1057 3461 1097 3522 10
1132 3475 1190 3538 per
1225 3458 1367 3521 Dioclem
1402 3458 1434 3521 in

209 3562 331 3626 Laertii
365 3563 492 3628 uenisse
519 3563 714 3645 farraginem
746 3563 784 3628 cf.
814 3565 907 3625 καθά
939 3583 1016 3648 φησι
1044 3564 1099 3626 καὶ
1118 3560 1363 3645 Ἀπολλόδωρος
1393 3600 1434 3610 -

209 3665 347 3752 Διοκλῆς
371 3669 408 3733 δέ
429 3670 493 3734 κτλ.
542 3671 640 3752 Atqui
669 3672 810 3736 eiusdem
841 3665 1028 3754 Apollodori
1055 3673 1176 3736 mentio
1199 3671 1215 3735 Ι
1240 3673 1285 3759 60,
1310 3672 1357 3734 ita
1387 3672 1435 3734 in·

210 3777 329 3840 seritur
353 3787 435 3851 τοϊς
458 3776 499 3838 δὲ
523 3773 754 3858 ἀνθρώποις
781 3775 1094 3857 συνεβούλευσεν
1118 3775 1238 3860 [Solo]‚
1268 3773 1310 3850 ὥς
1338 3795 1436 3860 φησιν

203 3881 452 3964 Ἀπολλόδωρος
482 3883 517 3946 δν
544 3889 588 3963 τῷ
616 3883 688 3962 περὶ
721 3882 785 3946 τοῖν
820 3881 1011 3964 φιλοσόφων
1043 3883 1206 3968 αἱρέσεων,
1242 3881 1336 3946 τάδε·
1371 3884 1434 3950 κτλ.

209 3989 336 4052 Eadem
363 3989 416 4052 υυί
440 3988 618 4054 simillimo
635 3990 797 4073 formula
826 3989 985 4053 Laertius
1015 4027 1055 4036 »-
1083 3990 1136 4052 vel
1156 3987 1271 4073 potius
1300 3994 1340 4051 ut
1366 3988 1434 4052 τὀπι

210 4093 287 4158 licet
306 4094 413 4159 dicere
435 4093 569 4159 Diocles
593 4134 636 4142 —
660 4094 771 4159 αἰτίαν
793 4097 819 4159 I
836 4098 876 4160 87
903 4096 1132 4177 συνεβούλευσε
1164 4093 1199 4158 δὲ
1222 4090 1286 4157 ὧδε
1311 4093 1433 4180 [Bassi

209 4203 236 4264 I
265 4204 306 4266 92
345 4199 576 4283 συνεβούλευσε
615 4203 824 4285 [Cleobulasl.
882 4203 1016 4267 Praeter
1055 4202 1284 4284 Apollodorum
1324 4201 1356 4266 in
1395 4203 1435 4268 iis

210 4308 376 4392 Laertiani
398 4309 473 4374 libri
497 4310 645 4391 partibus
673 4328 753 4391 quas
775 4310 880 4374 Diocli
907 4310 1102 4375 vindicasset
1125 4309 1313 4374 Panaetium
1338 4309 1436 4377 Dlito·

209 4414 356 4496 maehum
374 4415 571 4497 Meleagrum
583 4416 804 4498 Hippobotum
821 4417 965 4482 excitari.
993 4417 1140 4499 Denique
1156 4416 1259 4481 utitur
1276 4435 1323 4497 ea,
1341 4418 1369 4482 si
1385 4418 1434 4482 dis
