3516 5272
328 477 370 544 38

327 660 581 737 praeceptorem,
618 652 821 718 Gadarenum
859 654 992 718 tertium
1030 653 1151 718 Tiberii
1188 653 1368 736 aequalem,
1408 667 1546 720 nonum

326 762 586 844 Byzantinum
601 761 736 825 Platone
752 761 966 842 antiquiorem
976 765 1036 825 etc.
1067 761 1193 842 Inspice
1207 761 1431 827 Demetrios
1446 763 1475 827 V
1488 763 1544 828 83:

326 869 462 951 primum
484 867 584 933 habes
602 866 849 932 chalcedonium
870 867 1105 950 Thrasymacho
1129 869 1331 949 anteriorem,
1356 867 1546 934 Phalereum

327 976 477 1054 alterum3
502 993 621 1041 nonum
635 973 778 1040 Ixionem
794 974 977 1056 Augusteae
993 975 1094 1039 aetati
1110 993 1290 1056 supparem,
1306 975 1547 1041 undecimum

237 1103 240 1112 ¹
328 1081 524 1163 Scepsium
549 1079 695 1164 [c.180].
734 1080 1241 1162 Xenophontumllultimus
1265 1085 1429 1162 comparet
1450 1086 1547 1163 poeta

328 1189 494 1254 comicus
519 1183 683 1271 οἰοχαϊοςῖ
715 1187 1015 1254 Heraclidarum
1030 1189 1058 1254 V
1075 1187 1116 1254 93
1140 1189 1262 1270 primus
1278 1189 1430 1254 Ponticus
1445 1190 1548 1254 maior

327 1296 410 1362 alter
433 1300 483 1360 est
505 1296 618 1374 minor,
642 1295 772 1377 quintus
795 1295 933 1361 Lemhus
963 1294 1002 1379 [c.
1030 1297 1093 1361 150
1117 1314 1144 1360 a.
1171 1293 1273 1379 Ghr.],
1298 1301 1434 1362 sextus
1456 1297 1547 1378 Epi·

328 1403 409 1469 curi
431 1402 621 1467 inimicus

417 1509 518 1574 Ordo
534 1507 847 1590 homonymorum
871 1512 1002 1573 certus
1026 1508 1059 1572 si
1082 1511 1146 1590 qui
1170 1509 1301 1574 evenit
1317 1527 1361 1574 ex
1380 1507 1547 1574 fontium

327 1637 400 1684 usu
423 1615 659 1698 explicatur.
696 1615 890 1680 Testimonio
908 1619 982 1679 sunt
998 1614 1141 1696 Menippi
1155 1615 1209 1696 VI,
1231 1617 1307 1682 105:
1330 1620 1474 1698 πέμπτος
1494 1621 1548 1680 καὶ

328 1728 416 1798 ἕκτος
430 1719 607 1809 ζωγράφοι·
631 1726 790 1806 μέμνηται
813 1723 841 1786 δ’
873 1718 1064 1806 ἀμφοτέρων
1081 1718 1338 1808 ’Λπόλλοδοιρος.
1375 1723 1438 1789 Sed
1460 1724 1548 1789 lucu·

327 1832 466 1926 lentiore
488 1829 601 1909 habeo,
627 1847 771 1912 quaeque
794 1847 858 1894 non
881 1828 964 1893 hanc
986 1833 1112 1893 tantum
1129 1831 1348 1911 quaestionem
1364 1829 1546 1914 profligent,

327 1957 438 2005 rerum
462 1937 503 2002 ad
527 1936 607 2000 alias
631 1936 799 2002 solvendas
821 1937 906 2001 riam
929 1939 1198 2018 praemonstrent.
1314 1981 1317 1986 ,

416 2044 493 2112 VIII
516 2045 558 2108 47
582 2043 616 2108 in
639 2044 894 2126 Pythagorarum
918 2044 1000 2109 serie
1024 2043 1104 2109 haec
1126 2044 1290 2126 leguntur:

373 2151 404 2218 οἳ
420 2149 525 2216 δὲκαὶ
539 2149 641 2215 ἄλλον
657 2145 934 2236 α’νδριαντοιτοιὸν
952 2131 1126 2235 Ῥηγῖνον
1147 2154 1317 2230 γεγονέναι
1333 2155 1416 2236 φασὶ
1430 2155 1547 2216 Ποθα-

327 2258 439 2347 νόραν,
463 2260 590 2343 πρῶτον
613 2257 770 2324 δοκοῦντα
793 2257 923 2343 ῥυθμοῦ
944 2257 999 2320 καὶ
1021 2261 1216 2342 συμμετρίας
1237 2254 1448 2338 ἐστοχάσθαι·

373 2371 427 2430 καὶ
450 2363 551 2428 ἄλλον
574 2361 847 2449 ἀνδριαντοποιόν
870 2365 1030 2447 Σάμιον.

417 2473 539 2538 Eadem
566 2490 671 2537 nonne
699 2473 814 2537 mirum
849 2471 933 2554 quod
965 2469 1058 2535 modo
1093 2469 1239 2552 longiora
1274 2474 1307 2534 et
1339 2472 1547 2554 accuratiora,

329 2581 519 2667 quibusdam
558 2580 655 2644 etiam
690 2579 816 2644 omissis
849 2578 972 2642 Phoius
1008 2595 1047 2641 ex
1080 2576 1224 2642 Varrone
1259 2575 1310 2660 [ef.
1341 2577 1475 2660 Brieger
1509 2580 1549 2646 de

328 2689 470 2756 fontibus
493 2687 590 2751 Plinii
613 2735 642 2751 ..
669 2684 830 2769 Gryphiae
856 2685 956 2770 1857]
979 2683 1132 2765 repetivit
1154 2683 1298 2764 XXXIV,
1324 2683 1354 2764 8,
1381 2687 1436 2750 19:

420 2795 593 2879 ‘[Numeris
617 2798 650 2858 et
673 2794 865 2876 symmetria]
888 2789 970 2856 τιττῖ
993 2811 1069 2855 eum
1093 2789 1316 2874 [Polycletum]
1339 2791 1550 2877 Pythagoras

329 2902 565 2988 Rheginum·
576 2899 667 2986 fecit
687 2906 775 2964 τί-
789 2899 1023 2973 cz'tleaeoea'um,
1047 2897 1111 2984 que'
1123 2897 1271 2962 Dicaeus
1285 2898 1470 2984 adpellatur
1490 2905 1546 2972 ert,

329 3010 420 3098 quod
443 3029 518 3073 cum
547 3007 668 3071 Thebae
701 3007 740 3071 ab
761 3006 958 3071 Alexandra
991 3009 1190 3092 caperentur
1222 3026 1308 3069 aueo
1340 3027 1361 3068 a
1386 3003 1551 3092 fugiente

329 3115 498 3183 coude'tum
521 3112 603 3178 se'uu
625 3111 699 3178 erus
721 3112 860 3178 celatum
883 3117 970 3178 esset.
1016 3111 1086 3178 Hac
1101 3111 1240 3200 prauus
1262 3133 1379 3177 uereor
1400 3119 1551 3178 τίνασσε

329 3221 494 3311 expressit
513 3219 736 3307 capillumque
757 3217 969 3304 de'legeuu'us.

419 3327 504 3394 Fau
523 3334 555 3394 et
574 3326 666 3392 ule'us
680 3327 892 3412 Pythagoras
907 3325 1069 3393 Samius
1091 3325 1191 3392 auehe
1208 3324 1318 3412 pe'ctor
1336 3324 1435 3392 cue'us
1449 3325 1550 3412 regua

330 3440 377 3504 ad
403 3437 512 3501 aedem
532 3436 701 3520 fortunae
727 3432 865 3498 hueusce
891 3433 963 3498 dz'ea'
990 3439 1108 3520 reptem
1136 3434 1229 3498 nuda
1261 3439 1293 3498 et
1323 3432 1413 3498 senas
1441 3455 1550 3500 uuum

331 3546 468 3612 laudata
491 3547 579 3609 suut.
620 3539 690 3606 Ηιτ
712 3549 816 3628 rupea
844 3539 928 3606 de'cto
946 3540 1044 3626 facie
1070 3559 1197 3627 queque
1225 3538 1403 3605 aude'sceeta
1426 3539 1552 3606 saeue'les

326 3651 444 3740 suesce
466 3648 635 3714 teade'tue'.

420 3759 577 3842 Exposuit
604 3755 883 3838 Furtwaenglerus
918 3755 1064 3839 [Plinius
1097 3755 1163 3820 und
1197 3754 1284 3820 scine
1320 3753 1455 3836 quellen’
1491 3759 1549 3822 etc.

333 3871 362 3938 J.
379 3869 408 3935 J.
426 3866 530 3949 suppl.
547 3865 594 3930 IX
618 3861 731 3948 [1877]
756 3883 786 3945 p.
807 3865 846 3927 67
872 3862 955 3947 sqq]
981 3863 1060 3927 illud
1083 3863 1122 3928 de
1146 3862 1330 3944 symmetria
1349 3861 1551 3943 Pythagorae

334 3976 419 4058 apud
434 3973 599 4038 Laertium
621 3972 654 4035 in
668 3971 815 4036 VarronIs
838 3969 926 4036 fonte
950 3971 1102 4052 primario
1125 3969 1234 4050 trisse,
1259 3969 1300 4034 ad
1323 3987 1417 4051 quem
1431 3969 1550 4051 relego.

333 4083 426 4149 Unde
448 4081 552 4145 Varro
582 4077 711 4143 haurire
737 4083 833 4142 acuta
860 4076 917 4142 illa
947 4077 986 4141 de
1015 4077 1180 4142 statuariis
1208 4075 1331 4142 iudicia
1356 4077 1550 4158 potuerit,

334 4188 367 4251 in
384 4185 492 4266 aprIco
509 4190 567 4266 est,
586 4187 613 4250 si
630 4185 756 4268 quidem
767 4187 801 4250 in
817 4185 974 4250 indicibus
991 4184 1169 4249 Laertianis
1187 4184 1226 4249 de
1242 4182 1406 4248 statuariis
1422 4181 1551 4249 Polemo
1634 4205 1637 4216 ·

335 4293 535 4376 potissimum
566 4298 599 4358 et
626 4293 804 4374 Antigonus
834 4291 999 4376 Carystius
1029 4292 1217 4357 excitantur.
1270 4289 1435 4355 Polemoni
1465 4289 1552 4356 iavet

335 4400 526 4482 homonyma
565 4400 774 4483 componendi
808 4399 1002 4468 consuetudo
1039 4400 1078 4464 de
1107 4399 1267 4481 Antigono
1303 4397 1406 4464 adhuc
1444 4398 1551 4482 incog-
