3516 5272
351 479 391 542 16

347 655 486 720 iudicem
511 674 552 721 ss.
579 655 653 739 vv.].
693 655 737 719 At
755 655 819 720 alia
835 674 887 719 res
909 656 941 720 in
959 656 1032 737 illis,
1058 657 1123 722 alia
1145 657 1177 721 in
1202 654 1406 740 ‘Asanam
1446 657 1576 723 Valebit

346 762 446 842 igitur
469 762 530 828 hoc
553 762 736 827 Nietzschei
760 767 993 844 argumentum.

438 873 465 935 l.
492 871 627 935 Testes
657 871 690 934 in
713 869 774 934 hac
796 875 890 952 parte
915 872 1046 936 excitati
1068 855 1207 937 medium
1231 872 1370 954 primum
1393 891 1421 937 a.
1445 870 1518 937 (ihr.
1543 891 1574 936 n.

347 976 508 1041 saeculum
544 995 607 1042 non
644 981 811 1058 superant:
846 982 1028 1059 postremus
1059 980 1142 1044 euim
1172 978 1356 1061 adpellatur
1384 979 1576 1045 Posidonius

346 1084 415 1163 VII,
442 1085 483 1148 62
508 1083 560 1167 [cf.
586 1083 690 1147 Zeller
713 1083 772 1149 IV²
799 1085 862 1150 509
887 1085 934 1168 n.]
957 1084 978 1170 ).

437 1194 466 1256 λ.
491 1192 528 1256 Ιιι
544 1191 674 1274 Epicuri
697 1191 764 1257 vita
780 1191 879 1257 semel
900 1193 918 1274 §
940 1194 960 1256 4
977 1192 1125 1256 Laertius
1147 1194 1186 1257 ad
1204 1193 1378 1264 Sotionis
1394 1193 1577 1268 Διοκλείους

346 1297 495 1378 ἐλέγχους
529 1298 621 1363 libris
655 1299 760 1364 XXIV
796 1299 994 1380 conscriptos
1027 1301 1223 1380 provocavit.
1285 1301 1317 1365 Is
1352 1300 1435 1364 liber
1469 1303 1576 1364 utrum

346 1403 444 1470 fuerit
483 1405 522 1469 de
558 1406 764 1487 ‘argumentis
802 1407 973 1487 Diocleis'‚
1009 1412 1046 1472 ut
1074 1407 1324 1473 Freudenthalio
1354 1407 1398 1491 [p.
1429 1407 1508 1490 308]
1543 1411 1577 1470 et

347 1511 468 1577 Cobeto
492 1513 629 1593 videtur,
655 1532 695 1578 an
718 1514 767 1579 ‘de
784 1513 979 1580 refutatione
996 1515 1138 1595 Dioclis’,
1163 1533 1245 1597 quac
1262 1513 1503 1579 Panzerbieteri
1527 1518 1577 1578 est

347 1621 531 1685 coniectura
555 1619 678 1702 [Jahnii
701 1640 774 1686 auu.
800 1622 957 1703 suppl..V
982 1621 1097 1705 (1837)
1121 1641 1152 1702 p.
1179 1623 1240 1686 211
1268 1621 1362 1705 sqq.]‚
1387 1639 1446 1686 nec
1470 1621 1577 1685 dirimi

347 1732 465 1808 potest,
483 1728 641 1809 siquidem
656 1728 750 1810 plura
765 1727 947 1810 fragmenta
963 1748 1026 1795 non
1043 1734 1226 1810 supersunt,
1244 1732 1278 1793 et
1293 1747 1406 1808 pamm
1423 1728 1573 1792 interest:

347 1840 475 1900 constat
499 1836 582 1899 euim
607 1837 768 1902 mordicus
791 1837 823 1900 in
840 1834 1014 1918 Epicurum
1031 1836 1194 1902 Sotionem
1211 1835 1301 1900 illum
1317 1853 1389 1900 esse
1405 1835 1574 1900 invectum.

347 1942 492 2025 Namque
520 1947 611 2008 tanto
641 1944 714 2009 odio
743 1943 903 2009 homiuem
932 1943 1061 2023 petivit,
1095 1948 1132 2008 ut
1159 1943 1296 2008 lascivas
1332 1948 1365 2007 et
1398 1942 1576 2024 impudicas

347 2050 502 2131 quasdam
542 2051 698 2132 epistulas
737 2069 819 2132 quae
862 2049 1168 2117 circumferebantur
1208 2050 1248 2114 ad
1288 2068 1360 2114 eum
1398 2055 1574 2116 revocaret.

347 2156 491 2221 Dioclem
515 2157 615 2238 igitur
638 2163 675 2222 ut
697 2157 829 2238 Epicuri
852 2157 1054 2222 laudatorem
1079 2157 1261 2238 exagitasse
1286 2157 1375 2222 Sotio
1400 2157 1578 2222 censendus

348 2268 406 2330 est.
444 2264 540 2328 Aliud
556 2264 690 2340 accedit.
727 2264 869 2331 Sotionis
885 2265 933 2328 ita
948 2264 1142 2330 mentionem
1160 2264 1190 2328 X
1206 2265 1225 2329 3
1242 2264 1370 2330 iniecit:
1390 2260 1578 2347 Διότιμος

348 2369 390 2432 δὲ
417 2368 435 2434 ὁ
460 2369 618 2445 σοωϊκός
641 2371 805 2454 δυσμενῶς
826 2361 910 2451 ἔχων
939 2371 1021 2458 πρὸς
1052 2367 1152 2436 αὐτόν
1176 2372 1377 2456 (Epicurum)
1400 2368 1579 2457 πικρότατα

348 2475 560 2562 διαβέβληκεν
588 2477 762 2553 ἐπιστολάς
789 2484 896 2565 φέρων
929 2478 1125 2565 πεντήκοντα
1152 2474 1297 2558 όσελγελς
1324 2476 1366 2553 ὡς
1381 2474 1578 2563 Ἐπικούρου

347 2589 401 2648 καλ
429 2583 446 2650 δ
476 2583 517 2649 τό
545 2587 589 2660 εἰς
624 2583 819 2675 Χρύσιππον
854 2583 1088 2675 ἀναφερόμενα
1122 2584 1291 2651 ἐπιστόλια
1326 2586 1368 2662 ὡς
1389 2583 1578 2670 Ἐπικούρου

348 2693 518 2768 συντάξας·
542 2689 641 2757 ἀλλὰ
664 2700 730 2758 καλ
753 2692 789 2759 οἱ
812 2695 900 2782 περὶ
924 2692 1196 2759 Ποσειδώνιον
1223 2695 1294 2758 τόν
1321 2690 1485 2757 avocato
1512 2696 1579 2756 καὶ

349 2799 544 2875 Νικόλαος
558 2806 621 2864 καλ
647 2803 802 2867 Σωτίων
825 2802 863 2866 ἒν
880 2809 930 2890 τῷ
945 2799 1154 2889 δωδεκάτῳ
1178 2801 1239 2885 [sic
1254 2801 1487 2880 Wilamowitz.,
1511 2809 1579 2874 τοῖς

348 2904 473 2972 δυόδεκα
497 2907 602 2991 codd]
627 2915 701 2973 τῶν
721 2909 1061 2995 ἐπιγραφομένων
1084 2906 1315 2972 ιΔιοκλείων
1335 2906 1530 2989 ἐλέγχων,
1554 2902 1577 2968 ἆ

348 3011 425 3078 ἐστι
449 3016 535 3100 περὶ
563 3017 656 3090 τοὺς
678 3016 738 3097 κδ’,
763 3016 828 3080 καὶ
855 3016 1066 3090 Διονύσιος
1089 3011 1107 3079 δ
1130 3012 1449 3101 Ἁλικαρνασεύς.
1500 3014 1583 3078 Dim

347 3123 472 3203 nysium
501 3124 573 3188 Hal.
604 3124 785 3189 maiorem
819 3125 882 3189 dici
911 3124 1122 3190 Nietzscheus
1152 3123 1221 3187 siue
1250 3121 1448 3201 argumentis
1477 3120 1577 3185 credi-

348 3229 397 3294 dit
429 3248 487 3294 nec
516 3231 700 3312 ambiguum
732 3230 874 3312 videtur,
904 3233 932 3296 si
966 3232 1095 3314 quidem
1123 3229 1195 3315 napi
1221 3227 1379 3312 μιμήσεως
1409 3227 1577 3310 disputans

348 3335 389 3401 de
418 3337 566 3418 epistulis
594 3338 659 3403 illis
689 3339 737 3402 ita
766 3338 910 3402 iudicare
944 3336 1039 3402 facilc
1062 3337 1178 3419 potuit.
1226 3335 1293 3400 Nec
1321 3335 1468 3401 dissitum
1491 3333 1578 3417 quod

350 3443 400 3508 ‘de
424 3445 654 3527 compositione
678 3443 855 3510 verborum’
881 3444 987 3511 XXIV
1011 3444 1085 3528 [vol.
1111 3445 1140 3511 V
1162 3463 1193 3526 p.
1221 3445 1283 3509 188
1312 3462 1358 3526 sq.
1383 3441 1515 3526 Reiske]
1544 3445 1577 3506 et

355 3571 567 3578 ——-——.—..-

420 3619 444 3690 7)
462 3620 565 3676 Notum
592 3626 647 3685 est,
675 3626 745 3675 Δι’ωυ
772 3620 1002 3690 hypocoristicam
1027 3620 1143 3675 nominis
1167 3622 1275 3687 Διοκλῆς
1299 3635 1358 3674 esse
1383 3618 1504 3674 formam.
1541 3617 1576 3670 cf.

350 3708 446 3764 Λόσων
459 3743 492 3751 -
506 3713 649 3781 Λυσικλῆς
665 3708 793 3783 Ἀγάθων
806 3741 840 3750 -
851 3711 1031 3782 Ἀγαθοκλῆς;
1052 3713 1145 3764 Φίλων
1160 3740 1194 3749 -
1207 3707 1337 3775 Φιλοκλῆς
1355 3713 1410 3762 κτλ.
1444 3706 1577 3763 Crederes

349 3815 382 3853 ea
400 3799 434 3856 de
453 3815 536 3855 causa
554 3799 653 3855 ceteris
672 3797 796 3854 Dioclem
818 3799 893 3854 illam
916 3799 1116 3869 praeposuisse.

424 3888 449 3959 8)
467 3889 562 3943 crinin
586 3889 633 3957 qui
652 3889 668 3960 ξ
686 3891 720 3945 68
745 3888 854 3957 saepius
879 3888 980 3944 citatur
998 3887 1170 3944 Bahnschius
1188 3903 1215 3957 p.
1234 3888 1270 3944 54
1289 3890 1317 3941 et
1336 3883 1459 3939 Zellerus
1478 3881 1531 3940 1V2
1548 3899 1575 3953 p.

351 3981 402 4034 613
414 3997 440 4033 n.
459 3979 547 4049 primo
561 3983 623 4049 post
637 3978 699 4033 Ghr.
719 3995 746 4034 n.
760 3979 875 4034 saeculo
894 3978 1108 4047 adscripserunt,
1126 3974 1192 4031 freti
1211 3975 1251 4030 illi
1268 3974 1397 4044 Epicteto
1415 3972 1450 4029 ci.
1467 3971 1576 4032 dissert.

350 4067 392 4120 111
411 4071 436 4137 2,
454 4070 497 4124 75.
535 4069 573 4122 At
591 4068 738 4138 Epictetus
755 4068 825 4124 nihil
843 4073 938 4123 narrat
955 4067 1009 4122 uisi
1022 4067 1117 4121 crinin
1136 4065 1261 4134 quamvis
1274 4062 1439 4118 Archedemi
1456 4061 1575 4118 lectione

350 4157 495 4226 gloriatum
519 4157 637 4214 ridiculo
661 4158 758 4213 timore
776 4163 947 4227 peremptum
971 4172 1038 4212 csse.
1077 4155 1181 4224 Quodsi
1200 4154 1309 4211 Stoicus
1328 4152 1416 4207 crinis
1438 4150 1576 4219 estnihil

349 4246 414 4302 hinc
432 4247 556 4316 sequitur
578 4248 631 4302 uisi
649 4255 712 4318 post
729 4247 929 4304 Archedemum
949 4247 985 4318 [c.
1007 4248 1057 4302 140
1074 4261 1092 4302 a
1110 4245 1173 4301 Ghr.
1194 4244 1226 4301 cl.
1246 4241 1337 4298 Zeller
1354 4240 1408 4297 IV8
1426 4239 1473 4311 λλ]
1491 4240 1575 4295 fuisse

350 4335 438 4391 illum:
457 4336 485 4392 id
505 4338 578 4406 quod
596 4351 672 4393 meae
696 4337 848 4393 sententiae
873 4352 956 4406 supra
982 4335 1121 4405 expositae
1145 4333 1253 4404 egregie
1276 4331 1413 4388 convenit.
1433 4361 1467 4370 -
1486 4329 1576 4385 Grinis

351 4431 413 4496 post
432 4427 632 4483 Archedemum
652 4427 688 4498 [c.
710 4429 772 4497 140]
794 4433 822 4483 et
841 4433 904 4482 anto
922 4425 1046 4482 Dioclem
1068 4425 1104 4493 [c.
1126 4425 1247 4480 loo-40
1265 4438 1288 4480 a.
1310 4421 1374 4477 Ohr.
1392 4419 1431 4492 n.]
1451 4421 1527 4477 vixit.
