3516 5272
1369 469 1433 534 '33

215 651 300 716 κατοί
334 651 408 726 τούς
441 641 632 728 Λῦνούστοο
664 643 722 711 τοῦ
755 649 913 732 Καίσαρος
945 641 1095 732 χρόνους,
1133 643 1168 721 ὃς
1202 643 1366 732 διέτριψεν
1399 645 1436 712 ἐν

215 737 386 844 Περγάμῳ.
437 753 568 821 Diserto
601 751 662 819 hoc
696 751 879 818 testimonio
907 788 950 800 ·—
978 751 1072 835 plura
1098 769 1162 819 nou
1190 757 1365 836 suppetunt
1391 787 1436 800 -

215 863 353 947 Augusti
376 860 514 943 tempori
537 858 726 942 adsignatur
748 859 930 925 Demetrius
939 855 988 944 ⁸¹).
1334 864 1339 876 ’

306 989 335 1053 g.
360 969 408 1036 111
433 971 510 1049 109,
541 970 654 1047 γέγονε
681 967 716 1032 δὲ
746 965 801 1029 καί
823 965 925 1040 ἄλλος
946 961 1085 1034 Πλάτων
1116 961 1298 1051 φιλόσοφος
1313 961 1439 1041 Ῥόδιος

217 1073 364 1163 μαθητὴς
388 1078 577 1157 Παναιτίου,
599 1069 711 1138 καθά
735 1091 828 1159 φησι
851 1073 1038 1147 Σέλευκος
1062 1069 1079 1136 ὁ
1103 1073 1375 1158 γραμματικὸς
1397 1070 1437 1137 ἓν

217 1182 353 1272 πρώτῳ
375 1187 467 1268 περὶ
490 1181 748 1268 φιλοσοφίας,
770 1179 959 1247 Homericus
983 1179 1050 1246 scil.
1068 1179 1218 1246 Seleucus
1234 1180 1289 1263 qui
1311 1185 1346 1246 et
1361 1179 1438 1245 alibi

217 1292 376 1358 vocitatur
391 1308 450 1371 per
466 1288 671 1354 eminentiam
694 1285 713 1353 ὁ
735 1285 952 1375 γραμματικός
977 1325 1015 1336 -
1041 1287 1136 1353 aliter
1160 1289 1286 1354 omniuo
1309 1288 1438 1370 ignotus

219 1397 361 1463 eiusdem
382 1395 519 1486 nominis
542 1395 784 1477 grammaticus,
807 1433 852 1443 —
874 1415 977 1480 neque
999 1395 1060 1461 hac
1083 1396 1124 1461 de
1152 1414 1188 1461 re
1210 1395 1277 1461 ulla
1299 1414 1439 1478 unquam

219 1510 290 1572 erat
318 1505 484 1571 dissensio.
531 1504 580 1568 De
604 1503 693 1568 cuius
722 1507 868 1586 tempure
896 1523 1005 1570 eorum
1031 1502 1126 1570 hodie
1156 1503 1338 1570 dominatur
1368 1521 1439 1568 sen·

220 1613 334 1694 tentia,
359 1612 414 1695 qui
437 1611 480 1676 M.
498 1610 708 1677 Schmidtium
731 1609 855 1693 [philol.
871 1610 920 1676 Ill
942 1611 1007 1676 436
1030 1610 1114 1695 sqq]
1138 1611 1240 1677 secuti
1263 1610 1304 1677 ad
1320 1610 1439 1676 saeculi

221 1738 251 1787 a.
276 1719 348 1788 Chr.
373 1738 403 1784 n.
429 1718 562 1783 alterius
586 1718 705 1784 exitum
727 1716 879 1784 referunt.

309 1823 526 1892 Proficiscitur
542 1824 735 1892 Schmidtius
752 1843 771 1889 a
787 1825 910 1890 duobus
931 1823 1060 1890 scholiis
1082 1824 1116 1890 in
1132 1823 1295 1905 Aristoph.
1313 1823 1438 1890 Thesm.

221 1932 483 2002 adnotationibus
513 1952 542 1998 v.
560 1932 625 1997 840
660 1934 694 1996 et
724 1931 824 1996 1175:
860 1928 1016 2006 πολλάκις
1048 1933 1154 2007 elnon,
1190 1929 1239 1994 ὅτι
1265 1927 1441 2016 προβάλλει

220 2039 438 2126 ὅὋμηρικός
466 2039 570 2124 [codd.
601 2033 770 2124 ὁμηρικῶς]
800 2075 841 2086 -
870 2037 937 2104 scil.
962 2037 1179 2114 Σέλευκος-
1206 2037 1246 2103 ἐν
1272 2039 1320 2126 τῷ
1346 2033 1442 2125 πρὸς

220 2146 418 2229 Πολύβιον
438 2144 675 2232 προιοιτικῷ·
692 2149 738 2220 τίς
753 2141 985 2229 ἧὛπερβόλοο
999 2145 1115 2233 μήτηρς
1141 2147 1225 2211 1175
1242 2142 1451 2233 βαρβαρικὸν,

220 2257 276 2318 καὶ
304 2254 464 2340 Περσικὸν
490 2254 612 2339 ὄρχρμα
644 2252 789 2338 ὄκλασμα
818 2252 976 2323 καλεῖται,
1009 2253 1081 2340 περὶ
1103 2248 1140 2319 οὗ
1164 2250 1291 2335 Ἰόβας
1317 2251 1443 2338 μακρόν

222 2365 394 2446 πεποίηται
415 2357 514 2440 λόγον
535 2359 572 2425 ἐν
587 2366 741 2447 τοῖςπερὶ
756 2363 811 2446 τῆς
827 2360 997 2446 θεατρικῆς
1013 2358 1161 2445 ἱστορίας,
1186 2356 1266 2424 ὥστε
1280 2341 1442 2426 λελύοθαι

221 2468 278 2555 τὴν
292 2463 449 2533 Σελεύκου
470 2463 642 2554 πρότασιν·
665 2472 826 2553 προτείνει
847 2466 910 2554 γὰρ
924 2465 963 2534 ἒν
978 2469 1029 2556 τῷ
1050 2466 1145 2554 πρὸς
1161 2467 1323 2554 Ζήνωνα
1346 2460 1442 2554 προ-

221 2579 378 2662 τατικῷ·
397 2574 440 2658 [τί
457 2574 571 2641 inserit
582 2574 856 2659 Wilamowitzius]
872 2571 906 2640 τὰ
925 2573 1082 2661 Περσικὸν
1096 2573 1253 2659 ὄκλασμα.
1291 2574 1442 2641 Seleucus

221 2682 321 2764 igitur
344 2685 378 2748 et
399 2679 578 2756 λνστατικός
600 2686 633 2746 et
652 2682 789 2749 Zenonis
812 2683 976 2748 cuiusdam
992 2681 1178 2764 Polybiiqus
1202 2687 1273 2747 erat
1295 2699 1441 2748 coaevus.

178 2813 183 2821 ·
224 2787 315 2866 Quod
323 2787 517 2854 Schmidtius
528 2795 699 2871 praeterea
711 2789 844 2872 conligit
852 2789 1028 2870 Seleucum,
1042 2790 1192 2870 quoniam
1203 2790 1303 2856 Iubae
1313 2789 1441 2870 librum,

223 2895 342 2978 inquo
366 2896 405 2961 de
430 2896 604 2963 uclasmate
627 2898 807 2979 expositum
830 2902 914 2978 erat,
939 2897 1136 2978 ignorasset,
1159 2897 1342 2962 necessario
1366 2900 1441 2961 ante

222 3002 335 3068 Iubam
354 3004 482 3084 vixisse,
507 3021 623 3086 posse
647 3003 775 3085 quidem
798 3005 915 3086 conligi
938 3021 1002 3068 non
1016 3020 1108 3084 nego,
1132 3020 1247 3084 posse
1266 3007 1373 3066 autem
1395 3002 1443 3067 ita

225 3127 350 3192 quoque
363 3129 432 3175 rem
443 3108 531 3192 fingi,
545 3109 688 3189 Seleuco,
705 3109 782 3175 licet
794 3115 869 3191 post
879 3110 991 3175 Iubam
1002 3107 1109 3189 fuerit,
1127 3108 1227 3174 nihilo
1241 3109 1343 3174 secius
1355 3107 1443 3173 illius

224 3215 263 3280 de
272 3215 445 3281 oclasmate
454 3216 758 3297 disputatiunculam
769 3235 833 3282 uon
845 3217 1033 3298 innotuisse,
1045 3216 1125 3280 mihi
1137 3216 1372 3282 concedendum
1383 3220 1441 3282 est.

304 3323 461 3390 Perverse
472 3341 569 3405 porro
583 3323 622 3388 de
628 3322 755 3388 Zenone
762 3321 886 3389 Seleuci
898 3322 1082 3390 adversario
1095 3323 1229 3389 coniecit
1238 3323 1441 3391 Schmidtius.

224 3429 352 3495 Etenim
386 3449 480 3513 quem
507 3430 615 3496 Laert.
640 3430 678 3494 D.
703 3429 778 3510 VII,
808 3430 850 3496 30
884 3430 918 3495 iu
952 3431 1113 3497 Zenonum
1148 3431 1293 3512 catalogo
1325 3431 1445 3497 excitat

225 3537 467 3618 grammaticum
497 3531 534 3602 οὗ
563 3534 644 3623 πρὸς
670 3547 735 3611 τοῖς
762 3535 877 3612 ἄλλοις
904 3542 959 3601 καί
981 3535 1205 3624 ἐπιγράμματα
1227 3540 1358 3625 φερέται
1380 3556 1444 3604 non

226 3643 320 3711 modo
343 3663 407 3711 nou
429 3643 559 3710 fortiter
581 3642 763 3711 adfirmauit
786 3661 856 3710 esse
879 3643 979 3726 illum,
1003 3646 1060 3711 sed
1084 3647 1181 3711 etiam
1204 3647 1331 3729 quando
1346 3645 1445 3712 fuerit

301 3871 338 3943 ³¹)
356 3871 419 3927 Etsi
431 3888 502 3928 auno
522 3875 564 3942 nl,
584 3888 638 3942 quo
657 3871 814 3942 ‘Augustus’
828 3872 884 3927 diei
897 3873 996 3942 eoepit,
1015 3873 1170 3928 Demetrius
1184 3879 1334 3944 supererat,
1353 3874 1444 3943 potuit

193 3979 196 3989 ¹
227 3967 317 4016 tamen
336 3959 405 4030 fieri,
423 3967 455 4016 ut
473 3962 630 4018 Aristarchi
652 3961 785 4017 editiones
803 3962 986 4018 Alexandriae
1008 3963 1066 4032 ipse
1085 3963 1201 4032 videret,
1220 3963 1293 4033 quod
1311 3963 1444 4033 Didymus

227 4065 277 4104 uec
294 4049 362 4105 lacit
374 4065 424 4104 nec
436 4049 526 4106 lacere
539 4049 631 4120 potuit
648 4055 711 4120 post
723 4049 907 4108 bibliothecae
926 4051 1092 4108 incendium:
1110 4068 1144 4107 ea
1156 4053 1228 4108 enim
1241 4052 1445 4108 Wilaruouitzii

228 4144 271 4194 est
288 4139 424 4194 sententia
441 4139 509 4194 mihi
526 4155 581 4195 uon
599 4138 744 4194 contraria.
780 4139 821 4195 De
840 4140 975 4196 Zenodoti
998 4146 1027 4195 et
1044 4140 1256 4211 Aristhophauis
1279 4141 1445 4197 editionibus

228 4227 300 4283 idem
317 4228 446 4298 probavit
464 4229 620 4284 Beccardus
638 4246 665 4299 p.
683 4231 719 4285 54
737 4245 763 4284 n.
782 4230 825 4285 30.
844 4261 876 4270 -
897 4228 1107 4285 Scheuerleerus
1131 4229 1218 4285 solitis
1235 4230 1315 4300 nugis
1338 4246 1444 4286 errasse

230 4315 341 4372 Suidam
362 4315 475 4373 fortiter
497 4317 630 4374 adfirmat.
674 4317 758 4373 Cuius
781 4318 891 4374 tandem
912 4318 1057 4389 aliquando
1082 4319 1220 4375 mittamus
1242 4319 1444 4390 loquacitatem,

230 4420 300 4473 quae
318 4406 449 4477 perplexa
466 4406 578 4463 levitate
597 4423 642 4463 res
660 4405 791 4478 confingit
809 4422 877 4477 quas
895 4407 957 4477 quio
973 4413 1065 4478 potest
1082 4407 1157 4465 facili
1175 4407 1274 4479 spiritu
1293 4408 1407 4466 difflare.

282 4511 392 4567 Philolog.
405 4513 602 4568 Untersuclrnngen
611 4513 653 4556 Ill.
1250 4501 1267 4554 3
