3506 5272
321 645 443 699 Clemens
464 645 562 699 Strom.
582 646 603 698 Ι.

1327 477 1390 540 109

1013 646 1141 702 Laertius
1160 647 1181 701 I.

170 735 431 848 Περιάνδρο-υ
465 761 637 844 τυγχάνειν
677 764 752 846 dod·
805 764 887 827 Ι99
912 762 1108 848 [Periandri]
1141 762 1254 829 τούτου
1288 766 1391 831 ἐστίν·

166 869 293 933 λονται·

167 973 284 1060 ὁμοίως
300 976 335 1039 δὲ
350 974 406 1060 τήν
423 979 539 1056 ιγνῶθι
554 974 675 1062 καιρόν’
690 1001 752 1039 πα-

168 1088 311 1167 ραίνεσιν
322 1088 518 1148 Πιττακοῦ
530 1081 750 1147 καθεστάναι·

167 1190 240 1271 §62
257 1187 345 1253 ἄλλα
358 1196 411 1254 καὶ
424 1189 555 1274 Θαλής
570 1188 612 1263 ὡς
626 1191 751 1254 Λέαν-

169 1296 259 1382 δρος
287 1303 341 1360 καὶ
361 1295 567 1382 Ἡρόδοτος
594 1294 752 1377 ἱστοροῦσι

168 1405 283 1480 Φοῖνιξ
305 1401 355 1489 ἦν,
381 1403 421 1478 ὡς
443 1403 481 1466 δέ
500 1425 602 1475 τινες
623 1399 752 1484 ὑπειλή-

167 1529 249 1593 φασι
274 1511 445 1596 Μιλήσιος·

168 2042 268 2127 μόνος
295 2038 388 2118 οὗτος
411 2043 586 2117 δοκεῖτοῖς
607 2049 669 2107 τῶν
692 2042 754 2104 At-

168 2155 311 2228 γυπτίων
356 2148 538 2233 προφήταις
578 2149 752 2233 συμβεβλη-

168 2261 273 2321 κέναν
305 2254 496 2332 διδάσκαλος
519 2257 547 2320 δ’
574 2255 673 2320 αὐτοῦ
701 2250 753 2321 οὗ·

167 2365 232 2438 ortu
256 2359 493 2448 α’ναγροίφεται,

169 2468 273 2555 ὥσπερ
285 2466 361 2534 οὐδὲ
373 2469 616 2555 Φερεκύδους
627 2474 683 2535 τοῦ
694 2474 754 2534 Συ-

169 2582 249 2663 ρίου,
263 2571 288 2664 ᾧ
301 2575 504 2664 Πυθαγόρας
516 2573 752 2661 ἒμαθήτευσεν·

169 2685 187 2766 §
223 2685 264 2748 63
302 2686 419 2748 τοῦτον
456 2683 753 2769 [Anaxagoram]

169 2790 355 2872 διαδέχεται
380 2787 571 2877 Ἀρχέλαος,
611 2785 649 2852 οὗ
687 2792 755 2852 Σω-

168 2895 285 2982 κράτης
301 2894 480 2980 διήκουσεν·
503 2897 547 2961 ιἐκ
563 2897 592 2960 δ’
610 2899 675 2982 ἄρα
691 2902 755 2962 τῶν

170 2999 321 3069 ἀπέκλινε
355 3001 492 3080 λαοξόυς
522 3002 755 3088 ἐννομολέσχης

167 3109 328 3195 Ἑλλήνων
362 3108 522 3183 ἐπαοιδός
567 3107 592 3174 ὃ·
628 3115 756 3195 Τίμων

171 3219 287 3305 φησὶν
321 3218 362 3284 ἓν
393 3229 477 3293 τοῖς
504 3217 667 3289 Σίλλοις
698 3217 754 3280 διὰ

170 3323 206 3389 τό
238 3321 484 3390 ἆποκεκλικέναι
507 3322 574 3388 ἀπὸ
607 3324 671 3389 τόν
694 3343 756 3405 φυ-

171 3436 269 3496 σικῶν
292 3432 347 3496 ἐπὶ
371 3431 412 3496 τά
436 3428 542 3512 ήθικό
564 3432 630 3496 κτλ.

172 3539 190 3620 §
214 3541 256 3603 64
280 3538 585 3623 [Xenophanes]‚
617 3534 655 3602 ὅν
679 3554 756 3622 φησι

177 3644 439 3727 Τίμαιοςκατα
449 3645 579 3731 Ἱέρωνα
595 3643 652 3709 τὸν
667 3649 757 3708 Σικε-

172 3749 245 3828 λίας
279 3751 440 3836 δυνάστην
478 3751 532 3814 καλ
560 3747 758 3835 Ἐπίχαρμον

173 3859 231 3924 τὸν
260 3857 395 3944 ποιητήν
416 3861 602 3940 γεγονέναι,
621 3855 757 3923 Ἀπολ-

805 869 918 956 μελέτη
940 868 980 935 τό
1004 876 1088 936 πᾶν·

805 977 822 1040 Ι
846 980 887 1041 79
913 977 1058 1063 [Pittaci]
1087 973 1295 1065 ἀπόφθεγμα
1322 977 1392 1043 τού-

806 1103 878 1148 του·
903 1082 1026 1169 ικαιρόν
1048 1084 1179 1164 γνῶθι]

806 1190 823 1253 Ι
846 1192 888 1254 22
917 1186 956 1274 ηἰι
986 1196 1093 1254 τοίνυν
1121 1187 1140 1254 ό
1168 1193 1314 1276 Θαλής,
1351 1191 1393 1266 ὡς

807 1299 867 1379 μὲν
902 1294 1114 1381 Ἡρόδοτος
1152 1298 1217 1360 καὶ
1253 1303 1393 1384 Δοῦρις

808 1402 872 1466 καὶ
912 1401 1157 1489 Δημόκριτός
1196 1423 1305 1491 φασιν,
1352 1405 1393 1469 ἔκ

808 1512 872 1575 τῶν
897 1509 1057 1595 Θηλιδῶν,
1086 1519 1118 1577 ol
1144 1513 1206 1575 εἶσι
1234 1514 1392 1594 Φοίνικες,

808 1616 900 1681 καθα
925 1615 980 1680 καὶ
1001 1616 1165 1682 Πλάτων
1181 1625 1280 1704 φησίν
1296 1671 1325 1685 ..
1351 1618 1393 1694 ὡς

809 1723 837 1786 δ’
864 1722 899 1786 οἱ
923 1722 1082 1798 πλείους
1110 1725 1213 1807 φασὶν
1235 1725 1394 1811 ἰθαγενής

808 1831 969 1914 Μιλήσιος
1003 1825 1044 1915 ήν
1078 1838 1134 1895 καὶ
1166 1837 1279 1912 γένους
1313 1834 1393 1918 λαμ-

808 1940 905 2021 προῦ·

809 2039 913 2116 οὐδεὶς
925 2043 954 2105 δ’
973 2038 1070 2107 αὐτοῦ
1087 2043 1295 2131 καθηγήσατο
1308 2044 1394 2130 πλήν

809 2147 858 2214 ὄτι
893 2152 939 2225 τίς
973 2153 1144 2230 Αἴγυπτον
1177 2151 1289 2216 ἐλθών
1326 2166 1393 2225 τοῖς

810 2257 928 2345 ἱερεῦσι
950 2259 1204 2346 συνεδιέτριψεν.

808 2473 1006 2554 prooemium
1023 2473 1041 2554 ξ
1060 2475 1099 2537 15
1111 2471 1165 2558 ¹¹⁵)

808 3008 840 3072 H
867 3010 916 3072 19.

244 4055 295 4124 1ιό)
313 4056 344 4108 ln
363 4061 522 4110 transcursu
541 4052 606 4122 quid
631 4051 664 4106 de
687 4053 826 4120 prooemio
845 4052 993 4107 Laertiano
1012 4051 1079 4106 mihi
1096 4051 1279 4120 persuaserim
1298 4051 1394 4106 diuam.

174 4144 292 4199 Videtur
303 4144 464 4199 Favorini
478 4158 546 4211 esse,
566 4141 588 4196 si
602 4141 712 4210 quidem
725 4141 896 4211 Hermodori,
914 4142 1073 4210 Hippoboti,
1094 4140 1213 4196 Sotionis
1224 4140 1395 4210 potissimum

175 4233 219 4303 [ol.
238 4235 302 4288 diss.
315 4235 361 4287 Fr.
375 4232 504 4286 Schaefer
517 4263 549 4270 -
564 4231 724 4298 ceteroquin
741 4231 788 4285 vix
804 4231 970 4285 laudabilem
985 4263 1017 4270 «
1032 4229 1106 4300 ‘quid
1120 4230 1218 4284 Graeci
1236 4229 1270 4284 de
1290 4229 1394 4299 origiue

173 4322 364 4392 philosophiae
384 4339 400 4375 a
418 4321 542 4375 barbaris
561 4319 687 4374 ducenda
704 4320 929 4375 existimaverint’
948 4337 974 4388 p.
987 4323 1022 4375 48
1041 4337 1099 4388 sqq.
1118 4320 1192 4388 Lips.
1214 4318 1292 4389 1877]
1318 4321 1394 4373 testi·

173 4413 271 4482 monia,
295 4411 318 4464 si
341 4410 407 4463 mihi
427 4418 508 4464 autea
526 4409 676 4477 credidisti,
695 4409 832 4463 Favorino
854 4409 995 4464 debentur.
