<?xml version="1.0" encoding="UTF-8"?>
<!DOCTYPE html PUBLIC "-//W3C//DTD XHTML 1.0 Transitional//EN"
    "http://www.w3.org/TR/xhtml1/DTD/xhtml1-transitional.dtd">
<html xmlns="http://www.w3.org/1999/xhtml" xml:lang="en" lang="en">
 <head>
  <title>
</title>
<meta http-equiv="Content-Type" content="text/html;charset=utf-8" />
  <meta name='ocr-system' content='tesseract 3.04.00' />
  <meta name='ocr-capabilities' content='ocr_page ocr_carea ocr_par ocr_line ocrx_word'/>
</head>
<body>
  <div class='ocr_page' id='page_1' title='image "./debiographisgra00maasgoog_0015.png"; bbox 0 0 3516 5272; ppageno 0'>
   <div class='ocr_carea' id='block_1_1' title="bbox 327 487 347 549">
    <p class='ocr_par' dir='ltr' id='par_1_1' title="bbox 327 487 347 549">
     <span class='ocr_line' id='line_1_1' title="bbox 327 487 347 549; baseline 0 0"><span class='ocrx_word' id='word_1_1' title='bbox 327 487 347 549; x_wconf 87' lang='grc'><strong>6</strong></span> 
     </span>
    </p>
   </div>
   <div class='ocr_carea' id='block_1_2' title="bbox 328 657 1586 4462">
    <p class='ocr_par' dir='ltr' id='par_1_2' title="bbox 328 657 1586 849">
     <span class='ocr_line' id='line_1_2' title="bbox 328 657 1553 739; baseline -0.005 -13"><span class='ocrx_word' id='word_1_2' title='bbox 328 661 404 726; x_wconf 87' lang='lat' dir='ltr'>libri</span> <span class='ocrx_word' id='word_1_3' title='bbox 432 662 554 725; x_wconf 91' lang='lat' dir='ltr'>variam</span> <span class='ocrx_word' id='word_1_4' title='bbox 584 658 772 722; x_wconf 83' lang='lat' dir='ltr'>exhiberent</span> <span class='ocrx_word' id='word_1_5' title='bbox 800 658 1029 738; x_wconf 88' lang='lat' dir='ltr'>eruditionem,</span> <span class='ocrx_word' id='word_1_6' title='bbox 1055 658 1221 739; x_wconf 85' lang='lat' dir='ltr'>operosius</span> <span class='ocrx_word' id='word_1_7' title='bbox 1245 657 1484 739; x_wconf 83' lang='lat' dir='ltr'>conquisivisse.</span> <span class='ocrx_word' id='word_1_8' title='bbox 1509 695 1553 704; x_wconf 91' lang='lat'>-</span> 
     </span>
     <span class='ocr_line' id='line_1_3' title="bbox 329 763 1586 849; baseline -0.003 -17"><span class='ocrx_word' id='word_1_9' title='bbox 329 768 417 846; x_wconf 78' lang='lat' dir='ltr'>Quae</span> <span class='ocrx_word' id='word_1_10' title='bbox 434 772 593 849; x_wconf 88' lang='lat' dir='ltr'>quatenus</span> <span class='ocrx_word' id='word_1_11' title='bbox 610 769 698 829; x_wconf 88' lang='lat' dir='ltr'>recte</span> <span class='ocrx_word' id='word_1_12' title='bbox 716 768 874 845; x_wconf 87' lang='lat' dir='ltr'>quatenus</span> <span class='ocrx_word' id='word_1_13' title='bbox 891 781 982 828; x_wconf 92' lang='lat' dir='ltr'>secus</span> <span class='ocrx_word' id='word_1_14' title='bbox 999 764 1223 846; x_wconf 80' lang='lat' dir='ltr'>disputaverit,</span> <span class='ocrx_word' id='word_1_15' title='bbox 1246 763 1379 829; x_wconf 87' lang='lat' dir='ltr'>inferius</span> <span class='ocrx_word' id='word_1_16' title='bbox 1394 769 1551 845; x_wconf 85' lang='lat' dir='ltr'>patescet.</span> <span class='ocrx_word' id='word_1_17' title='bbox 1584 842 1586 846; x_wconf 23' lang='grc' dir='ltr'>Ι</span> 
     </span>
    </p>

    <p class='ocr_par' dir='ltr' id='par_1_3' title="bbox 329 869 1554 1276">
     <span class='ocr_line' id='line_1_4' title="bbox 419 869 1553 953; baseline -0.004 -15"><span class='ocrx_word' id='word_1_18' title='bbox 419 875 540 952; x_wconf 83' lang='lat' dir='ltr'>Quibus</span> <span class='ocrx_word' id='word_1_19' title='bbox 564 871 764 938; x_wconf 91' lang='lat' dir='ltr'>Bahnschius</span> <span class='ocrx_word' id='word_1_20' title='bbox 789 869 933 934; x_wconf 85' lang='lat' dir='ltr'>differret</span> <span class='ocrx_word' id='word_1_21' title='bbox 962 889 1000 936; x_wconf 92' lang='lat' dir='ltr'>ea</span> <span class='ocrx_word' id='word_1_22' title='bbox 1022 871 1279 936; x_wconf 87' lang='lat' dir='ltr'>Nietzscheus</span> <span class='ocrx_word' id='word_1_23' title='bbox 1307 870 1473 953; x_wconf 78' lang='lat' dir='ltr'>[Beitrdge</span> <span class='ocrx_word' id='word_1_24' title='bbox 1497 890 1553 936; x_wconf 84' lang='lat' dir='ltr'>zur</span> 
     </span>
     <span class='ocr_line' id='line_1_5' title="bbox 329 976 1553 1064; baseline -0.002 -18"><span class='ocrx_word' id='word_1_25' title='bbox 329 981 564 1064; x_wconf 86' lang='lat' dir='ltr'>quellenkunde</span> <span class='ocrx_word' id='word_1_26' title='bbox 588 979 654 1044; x_wconf 93' lang='lat' dir='ltr'>und</span> <span class='ocrx_word' id='word_1_27' title='bbox 676 976 777 1042; x_wconf 90' lang='lat' dir='ltr'>kritik</span> <span class='ocrx_word' id='word_1_28' title='bbox 801 977 857 1040; x_wconf 90' lang='lat' dir='ltr'>des</span> <span class='ocrx_word' id='word_1_29' title='bbox 880 977 1030 1042; x_wconf 81' lang='lat' dir='ltr'>Laertius</span> <span class='ocrx_word' id='word_1_30' title='bbox 1053 979 1216 1059; x_wconf 84' lang='lat' dir='ltr'>Diogenes</span> <span class='ocrx_word' id='word_1_31' title='bbox 1239 978 1454 1057; x_wconf 82' lang='lat' dir='ltr'>Base11870;</span> <span class='ocrx_word' id='word_1_32' title='bbox 1479 998 1553 1060; x_wconf 91' lang='lat' dir='ltr'>pro-</span> 
     </span>
     <span class='ocr_line' id='line_1_6' title="bbox 330 1082 1554 1170; baseline 0.002 -18"><span class='ocrx_word' id='word_1_33' title='bbox 330 1107 474 1170; x_wconf 85' lang='lat' dir='ltr'>gramma</span> <span class='ocrx_word' id='word_1_34' title='bbox 497 1084 704 1169; x_wconf 88' lang='lat' dir='ltr'>paedagogii]</span> <span class='ocrx_word' id='word_1_35' title='bbox 732 1083 851 1165; x_wconf 91' lang='lat' dir='ltr'>partim</span> <span class='ocrx_word' id='word_1_36' title='bbox 874 1082 1016 1150; x_wconf 85' lang='lat' dir='ltr'>refutare</span> <span class='ocrx_word' id='word_1_37' title='bbox 1040 1085 1137 1165; x_wconf 91' lang='lat' dir='ltr'>idque</span> <span class='ocrx_word' id='word_1_38' title='bbox 1160 1086 1293 1165; x_wconf 91' lang='lat' dir='ltr'>iniuria,</span> <span class='ocrx_word' id='word_1_39' title='bbox 1324 1086 1443 1166; x_wconf 91' lang='lat' dir='ltr'>partim</span> <span class='ocrx_word' id='word_1_40' title='bbox 1471 1104 1554 1154; x_wconf 86' lang='lat' dir='ltr'>com·</span> 
     </span>
     <span class='ocr_line' id='line_1_7' title="bbox 330 1191 1085 1276; baseline -0.005 -16"><span class='ocrx_word' id='word_1_41' title='bbox 330 1213 478 1276; x_wconf 89' lang='lat' dir='ltr'>pensare,</span> <span class='ocrx_word' id='word_1_42' title='bbox 503 1192 656 1258; x_wconf 88' lang='lat' dir='ltr'>nonnulla</span> <span class='ocrx_word' id='word_1_43' title='bbox 681 1191 842 1272; x_wconf 82' lang='lat' dir='ltr'>corrigere</span> <span class='ocrx_word' id='word_1_44' title='bbox 868 1195 1002 1256; x_wconf 89' lang='lat' dir='ltr'>conatus</span> <span class='ocrx_word' id='word_1_45' title='bbox 1027 1195 1085 1256; x_wconf 89' lang='lat' dir='ltr'>est.</span> 
     </span>
    </p>

    <p class='ocr_par' dir='ltr' id='par_1_4' title="bbox 330 1297 1558 2448">
     <span class='ocr_line' id='line_1_8' title="bbox 420 1297 1554 1380; baseline -0.001 -16"><span class='ocrx_word' id='word_1_46' title='bbox 420 1301 504 1365; x_wconf 88' lang='lat' dir='ltr'>Dein</span> <span class='ocrx_word' id='word_1_47' title='bbox 534 1317 635 1380; x_wconf 86' lang='lat' dir='ltr'>usque</span> <span class='ocrx_word' id='word_1_48' title='bbox 666 1299 707 1362; x_wconf 90' lang='lat' dir='ltr'>ad</span> <span class='ocrx_word' id='word_1_49' title='bbox 741 1297 932 1362; x_wconf 86' lang='lat' dir='ltr'>novissimos</span> <span class='ocrx_word' id='word_1_50' title='bbox 961 1315 1062 1362; x_wconf 92' lang='lat' dir='ltr'>annos</span> <span class='ocrx_word' id='word_1_51' title='bbox 1086 1303 1246 1362; x_wconf 90' lang='lat' dir='ltr'>cessatum</span> <span class='ocrx_word' id='word_1_52' title='bbox 1275 1304 1340 1362; x_wconf 86' lang='lat' dir='ltr'>est:</span> <span class='ocrx_word' id='word_1_53' title='bbox 1371 1299 1554 1364; x_wconf 88' lang='lat' dir='ltr'>Nietzschei</span> 
     </span>
     <span class='ocr_line' id='line_1_9' title="bbox 330 1404 1554 1489; baseline -0.003 -15"><span class='ocrx_word' id='word_1_54' title='bbox 330 1409 414 1474; x_wconf 84' lang='lat' dir='ltr'>enlm</span> <span class='ocrx_word' id='word_1_55' title='bbox 433 1407 553 1489; x_wconf 84' lang='lat' dir='ltr'>placita</span> <span class='ocrx_word' id='word_1_56' title='bbox 570 1443 612 1452; x_wconf 90' lang='lat'>-—</span> <span class='ocrx_word' id='word_1_57' title='bbox 629 1405 657 1470; x_wconf 93' lang='lat' dir='ltr'>si</span> <span class='ocrx_word' id='word_1_58' title='bbox 681 1404 880 1469; x_wconf 88' lang='lat' dir='ltr'>dubitantem</span> <span class='ocrx_word' id='word_1_59' title='bbox 903 1404 1066 1484; x_wconf 83' lang='lat' dir='ltr'>exceperis</span> <span class='ocrx_word' id='word_1_60' title='bbox 1083 1405 1296 1485; x_wconf 90' lang='lat' dir='ltr'>Roeperum</span> <span class='ocrx_word' id='word_1_61' title='bbox 1322 1405 1446 1487; x_wconf 88' lang='lat' dir='ltr'>[philol.</span> <span class='ocrx_word' id='word_1_62' title='bbox 1464 1406 1554 1470; x_wconf 94' lang='lat' dir='ltr'>XXX</span> 
     </span>
     <span class='ocr_line' id='line_1_10' title="bbox 331 1510 1555 1597; baseline -0.002 -19"><span class='ocrx_word' id='word_1_63' title='bbox 331 1514 447 1597; x_wconf 82' lang='lat'>[1870]</span> <span class='ocrx_word' id='word_1_64' title='bbox 472 1533 502 1595; x_wconf 94' lang='lat' dir='ltr'>p.</span> <span class='ocrx_word' id='word_1_65' title='bbox 522 1512 599 1595; x_wconf 81' lang='grc'><strong>568]</strong></span> <span class='ocrx_word' id='word_1_66' title='bbox 616 1548 659 1557; x_wconf 94' lang='grc'>-</span> <span class='ocrx_word' id='word_1_67' title='bbox 681 1528 790 1575; x_wconf 88' lang='grc'><strong>616666</strong></span> <span class='ocrx_word' id='word_1_68' title='bbox 814 1510 1089 1592; x_wconf 75' lang='lat' dir='ltr'>amplexabantur,</span> <span class='ocrx_word' id='word_1_69' title='bbox 1114 1530 1153 1574; x_wconf 89' lang='lat' dir='ltr'>ex</span> <span class='ocrx_word' id='word_1_70' title='bbox 1176 1512 1290 1593; x_wconf 88' lang='lat' dir='ltr'>quibus</span> <span class='ocrx_word' id='word_1_71' title='bbox 1315 1511 1433 1578; x_wconf 85' lang='lat' dir='ltr'>suffieit</span> <span class='ocrx_word' id='word_1_72' title='bbox 1455 1513 1555 1578; x_wconf 93' lang='lat' dir='ltr'>nomi-</span> 
     </span>
     <span class='ocr_line' id='line_1_11' title="bbox 331 1616 1554 1701; baseline -0.002 -15"><span class='ocrx_word' id='word_1_73' title='bbox 331 1640 426 1686; x_wconf 86' lang='lat' dir='ltr'>nasse</span> <span class='ocrx_word' id='word_1_74' title='bbox 451 1618 730 1686; x_wconf 89' lang='lat' dir='ltr'>Susemihiium</span> <span class='ocrx_word' id='word_1_75' title='bbox 755 1616 848 1699; x_wconf 84' lang='lat' dir='ltr'>[mus</span> <span class='ocrx_word' id='word_1_76' title='bbox 874 1617 962 1682; x_wconf 89' lang='lat' dir='ltr'>rhen.</span> <span class='ocrx_word' id='word_1_77' title='bbox 989 1617 1095 1682; x_wconf 89' lang='lat' dir='ltr'>XXVI</span> <span class='ocrx_word' id='word_1_78' title='bbox 1118 1617 1233 1701; x_wconf 91' lang='grc'><strong>[1871]</strong></span> <span class='ocrx_word' id='word_1_79' title='bbox 1257 1637 1289 1699; x_wconf 86' lang='lat' dir='ltr'>p.</span> <span class='ocrx_word' id='word_1_80' title='bbox 1315 1620 1389 1684; x_wconf 88' lang='grc'><strong>336.</strong></span> <span class='ocrx_word' id='word_1_81' title='bbox 1431 1619 1554 1684; x_wconf 83' lang='lat' dir='ltr'>Aristo-</span> 
     </span>
     <span class='ocr_line' id='line_1_12' title="bbox 332 1713 1554 1805; baseline -0.002 -12"><span class='ocrx_word' id='word_1_82' title='bbox 332 1729 408 1794; x_wconf 90' lang='lat' dir='ltr'>telis</span> <span class='ocrx_word' id='word_1_83' title='bbox 432 1726 569 1792; x_wconf 90' lang='lat' dir='ltr'>Politica</span> <span class='ocrx_word' id='word_1_84' title='bbox 592 1744 623 1805; x_wconf 91' lang='lat' dir='ltr'>p.</span> <span class='ocrx_word' id='word_1_85' title='bbox 648 1724 753 1788; x_wconf 89' lang='lat' dir='ltr'>XLIII</span> <span class='ocrx_word' id='word_1_86' title='bbox 776 1743 807 1787; x_wconf 91' lang='lat' dir='ltr'>n.</span> <span class='ocrx_word' id='word_1_87' title='bbox 830 1726 882 1788; x_wconf 93' lang='grc'>77.</span> <span class='ocrx_word' id='word_1_88' title='bbox 907 1722 945 1791; x_wconf 85' lang='lat' dir='ltr'>cf.</span> <span class='ocrx_word' id='word_1_89' title='bbox 970 1723 1068 1789; x_wconf 87' lang='lat' dir='ltr'>litter.</span> <span class='ocrx_word' id='word_1_90' title='bbox 1095 1713 1407 1790; x_wconf 82' lang='lat' dir='ltr'>centralblatt1879</span> <span class='ocrx_word' id='word_1_91' title='bbox 1431 1726 1465 1790; x_wconf 89' lang='grc'>16</span> <span class='ocrx_word' id='word_1_92' title='bbox 1488 1730 1554 1790; x_wconf 91' lang='lat' dir='ltr'>stu-</span> 
     </span>
     <span class='ocr_line' id='line_1_13' title="bbox 332 1830 1555 1918; baseline 0 -21"><span class='ocrx_word' id='word_1_93' title='bbox 332 1834 458 1899; x_wconf 89' lang='lat' dir='ltr'>diorum</span> <span class='ocrx_word' id='word_1_94' title='bbox 498 1832 782 1896; x_wconf 89' lang='lat' dir='ltr'>Hellenisticorum</span> <span class='ocrx_word' id='word_1_95' title='bbox 810 1830 858 1894; x_wconf 93' lang='grc'>111</span> <span class='ocrx_word' id='word_1_96' title='bbox 892 1830 1133 1896; x_wconf 87' lang='lat' dir='ltr'>Frendentbalii</span> <span class='ocrx_word' id='word_1_97' title='bbox 1174 1833 1322 1918; x_wconf 88' lang='lat' dir='ltr'>censura]</span> <span class='ocrx_word' id='word_1_98' title='bbox 1364 1833 1402 1897; x_wconf 88' lang='grc'>1).</span> <span class='ocrx_word' id='word_1_99' title='bbox 1439 1833 1555 1898; x_wconf 88' lang='lat' dir='ltr'>Volk-</span> 
     </span>
     <span class='ocr_line' id='line_1_14' title="bbox 332 1937 1553 2023; baseline -0.002 -16"><span class='ocrx_word' id='word_1_100' title='bbox 332 1959 510 2007; x_wconf 90' lang='lat' dir='ltr'>mannum</span> <span class='ocrx_word' id='word_1_101' title='bbox 545 1940 667 2023; x_wconf 89' lang='lat' dir='ltr'>[progr.</span> <span class='ocrx_word' id='word_1_102' title='bbox 704 1939 861 2003; x_wconf 89' lang='lat' dir='ltr'>Portcnse</span> <span class='ocrx_word' id='word_1_103' title='bbox 901 1938 933 2001; x_wconf 93' lang='lat' dir='ltr'>in</span> <span class='ocrx_word' id='word_1_104' title='bbox 974 1937 1127 2002; x_wconf 92' lang='lat' dir='ltr'>honorem</span> <span class='ocrx_word' id='word_1_105' title='bbox 1163 1938 1196 2004; x_wconf 87' lang='lat' dir='ltr'>G.</span> <span class='ocrx_word' id='word_1_106' title='bbox 1233 1939 1341 2004; x_wconf 89' lang='lat' dir='ltr'>Peteri</span> <span class='ocrx_word' id='word_1_107' title='bbox 1379 1940 1477 2023; x_wconf 83' lang='lat'>1873]</span> <span class='ocrx_word' id='word_1_108' title='bbox 1518 1940 1553 2005; x_wconf 92' lang='grc' dir='ltr'>Ο.</span> 
     </span>
     <span class='ocr_line' id='line_1_15' title="bbox 334 2044 1556 2129; baseline -0.001 -16"><span class='ocrx_word' id='word_1_109' title='bbox 334 2047 612 2114; x_wconf 86' lang='lat' dir='ltr'>Schneiderum</span> <span class='ocrx_word' id='word_1_110' title='bbox 637 2044 867 2128; x_wconf 81' lang='lat' dir='ltr'>[Callimachea</span> <span class='ocrx_word' id='word_1_111' title='bbox 890 2044 922 2108; x_wconf 92' lang='lat' dir='ltr'>Il</span> <span class='ocrx_word' id='word_1_112' title='bbox 944 2064 974 2125; x_wconf 96' lang='lat' dir='ltr'>p.</span> <span class='ocrx_word' id='word_1_113' title='bbox 997 2047 1038 2109; x_wconf 81' lang='lat'>28</span> <span class='ocrx_word' id='word_1_114' title='bbox 1057 2046 1118 2129; x_wconf 70' lang='grc'>66]</span> <span class='ocrx_word' id='word_1_115' title='bbox 1142 2046 1178 2110; x_wconf 89' lang='grc' dir='ltr'>Ε.</span> <span class='ocrx_word' id='word_1_116' title='bbox 1197 2045 1390 2110; x_wconf 90' lang='lat' dir='ltr'>Rohdeum</span> <span class='ocrx_word' id='word_1_117' title='bbox 1414 2048 1556 2128; x_wconf 89' lang='lat' dir='ltr'>saepius-</span> 
     </span>
     <span class='ocr_line' id='line_1_16' title="bbox 334 2151 1557 2234; baseline -0.002 -14"><span class='ocrx_word' id='word_1_118' title='bbox 334 2156 412 2221; x_wconf 89' lang='lat' dir='ltr'>cule.</span> <span class='ocrx_word' id='word_1_119' title='bbox 460 2154 587 2218; x_wconf 91' lang='lat' dir='ltr'>Plausit</span> <span class='ocrx_word' id='word_1_120' title='bbox 614 2153 711 2216; x_wconf 89' lang='lat' dir='ltr'>etiam</span> <span class='ocrx_word' id='word_1_121' title='bbox 742 2152 779 2218; x_wconf 85' lang='lat' dir='ltr'>G.</span> <span class='ocrx_word' id='word_1_122' title='bbox 810 2151 980 2217; x_wconf 89' lang='lat' dir='ltr'>Keruius</span> <span class='ocrx_word' id='word_1_123' title='bbox 1009 2152 1267 2234; x_wconf 86' lang='lat' dir='ltr'>[Bemcrkungen</span> <span class='ocrx_word' id='word_1_124' title='bbox 1304 2172 1376 2218; x_wconf 86' lang='lat' dir='ltr'>zum</span> <span class='ocrx_word' id='word_1_125' title='bbox 1404 2153 1442 2218; x_wconf 92' lang='lat' dir='ltr'>X.</span> <span class='ocrx_word' id='word_1_126' title='bbox 1474 2154 1557 2220; x_wconf 91' lang='lat' dir='ltr'>buch</span> 
     </span>
     <span class='ocr_line' id='line_1_17' title="bbox 335 2259 1558 2344; baseline -0.001 -19"><span class='ocrx_word' id='word_1_127' title='bbox 335 2262 392 2325; x_wconf 93' lang='lat' dir='ltr'>des</span> <span class='ocrx_word' id='word_1_128' title='bbox 415 2259 565 2324; x_wconf 89' lang='lat' dir='ltr'>Laertius</span> <span class='ocrx_word' id='word_1_129' title='bbox 589 2259 759 2340; x_wconf 85' lang='lat' dir='ltr'>Diogenes</span> <span class='ocrx_word' id='word_1_130' title='bbox 789 2277 896 2339; x_wconf 90' lang='lat' dir='ltr'>progr.</span> <span class='ocrx_word' id='word_1_131' title='bbox 922 2259 1130 2323; x_wconf 84' lang='lat' dir='ltr'>Prenxlaviae</span> <span class='ocrx_word' id='word_1_132' title='bbox 1157 2261 1266 2344; x_wconf 89' lang='grc'><strong>1878]</strong></span> <span class='ocrx_word' id='word_1_133' title='bbox 1291 2280 1362 2326; x_wconf 87' lang='grc'><strong>6616</strong></span> <span class='ocrx_word' id='word_1_134' title='bbox 1385 2262 1456 2342; x_wconf 92' lang='lat' dir='ltr'>ipse</span> <span class='ocrx_word' id='word_1_135' title='bbox 1479 2259 1558 2325; x_wconf 88' lang='lat' dir='ltr'>nihil</span> 
     </span>
     <span class='ocr_line' id='line_1_18' title="bbox 335 2363 671 2448; baseline -0.012 -16"><span class='ocrx_word' id='word_1_136' title='bbox 335 2385 468 2448; x_wconf 91' lang='lat' dir='ltr'>prorsus</span> <span class='ocrx_word' id='word_1_137' title='bbox 491 2363 671 2446; x_wconf 89' lang='lat' dir='ltr'>proficeret.</span> 
     </span>
    </p>

    <p class='ocr_par' dir='ltr' id='par_1_5' title="bbox 336 2472 1567 4462">
     <span class='ocr_line' id='line_1_19' title="bbox 425 2472 1558 2556; baseline 0 -18"><span class='ocrx_word' id='word_1_138' title='bbox 425 2473 502 2538; x_wconf 89' lang='lat' dir='ltr'>Sero</span> <span class='ocrx_word' id='word_1_139' title='bbox 528 2490 547 2535; x_wconf 93' lang='lat' dir='ltr'>a</span> <span class='ocrx_word' id='word_1_140' title='bbox 570 2472 681 2552; x_wconf 88' lang='lat' dir='ltr'>paucis</span> <span class='ocrx_word' id='word_1_141' title='bbox 702 2477 736 2536; x_wconf 92' lang='grc'>61</span> <span class='ocrx_word' id='word_1_142' title='bbox 757 2472 899 2537; x_wconf 85' lang='lat' dir='ltr'>breviter</span> <span class='ocrx_word' id='word_1_143' title='bbox 916 2472 1148 2537; x_wconf 85' lang='lat' dir='ltr'>contradictum</span> <span class='ocrx_word' id='word_1_144' title='bbox 1173 2479 1231 2538; x_wconf 90' lang='grc'><strong>661.</strong></span> <span class='ocrx_word' id='word_1_145' title='bbox 1270 2473 1411 2551; x_wconf 78' lang='lat' dir='ltr'>Quorum</span> <span class='ocrx_word' id='word_1_146' title='bbox 1426 2475 1558 2556; x_wconf 92' lang='lat' dir='ltr'>primus,</span> 
     </span>
     <span class='ocr_line' id='line_1_20' title="bbox 336 2577 1556 2662; baseline 0 -18"><span class='ocrx_word' id='word_1_147' title='bbox 336 2585 495 2662; x_wconf 89' lang='lat' dir='ltr'>quatenus</span> <span class='ocrx_word' id='word_1_148' title='bbox 525 2579 605 2658; x_wconf 91' lang='lat' dir='ltr'>scio,</span> <span class='ocrx_word' id='word_1_149' title='bbox 631 2579 954 2644; x_wconf 87' lang='lat' dir='ltr'>Wilamowitzius</span> <span class='ocrx_word' id='word_1_150' title='bbox 989 2577 1050 2643; x_wconf 87' lang='lat' dir='ltr'>fuit</span> <span class='ocrx_word' id='word_1_151' title='bbox 1085 2585 1118 2643; x_wconf 90' lang='grc'>61</span> <span class='ocrx_word' id='word_1_152' title='bbox 1146 2580 1179 2644; x_wconf 92' lang='grc'>16</span> <span class='ocrx_word' id='word_1_153' title='bbox 1214 2580 1331 2645; x_wconf 86' lang='lat' dir='ltr'>scholis</span> <span class='ocrx_word' id='word_1_154' title='bbox 1361 2586 1393 2645; x_wconf 92' lang='lat' dir='ltr'>ot</span> <span class='ocrx_word' id='word_1_155' title='bbox 1420 2580 1556 2662; x_wconf 91' lang='lat' dir='ltr'>publice.</span> 
     </span>
     <span class='ocr_line' id='line_1_21' title="bbox 337 2686 1561 2769; baseline 0.001 -18"><span class='ocrx_word' id='word_1_156' title='bbox 337 2688 398 2765; x_wconf 80' lang='lat' dir='ltr'>Qui</span> <span class='ocrx_word' id='word_1_157' title='bbox 427 2706 498 2751; x_wconf 86' lang='lat' dir='ltr'>cum</span> <span class='ocrx_word' id='word_1_158' title='bbox 525 2686 558 2750; x_wconf 93' lang='lat' dir='ltr'>in</span> <span class='ocrx_word' id='word_1_159' title='bbox 588 2686 697 2750; x_wconf 90' lang='lat' dir='ltr'>Herm.</span> <span class='ocrx_word' id='word_1_160' title='bbox 728 2686 773 2750; x_wconf 92' lang='lat' dir='ltr'>XI</span> <span class='ocrx_word' id='word_1_161' title='bbox 801 2686 916 2769; x_wconf 87' lang='grc'><strong>[1876]</strong></span> <span class='ocrx_word' id='word_1_162' title='bbox 940 2704 971 2766; x_wconf 92' lang='lat' dir='ltr'>p.</span> <span class='ocrx_word' id='word_1_163' title='bbox 998 2686 1061 2750; x_wconf 86' lang='lat'>303</span> <span class='ocrx_word' id='word_1_164' title='bbox 1089 2686 1309 2768; x_wconf 90' lang='lat' dir='ltr'>biograpbica,</span> <span class='ocrx_word' id='word_1_165' title='bbox 1339 2707 1422 2768; x_wconf 90' lang='lat' dir='ltr'>quae</span> <span class='ocrx_word' id='word_1_166' title='bbox 1452 2687 1561 2752; x_wconf 92' lang='lat' dir='ltr'>insunt</span> 
     </span>
     <span class='ocr_line' id='line_1_22' title="bbox 336 2789 1561 2878; baseline -0.001 -20"><span class='ocrx_word' id='word_1_167' title='bbox 336 2796 370 2858; x_wconf 89' lang='lat' dir='ltr'>in</span> <span class='ocrx_word' id='word_1_168' title='bbox 387 2793 536 2858; x_wconf 83' lang='lat' dir='ltr'>Numenii</span> <span class='ocrx_word' id='word_1_169' title='bbox 559 2793 631 2878; x_wconf 82' lang='grc' dir='ltr'><strong><em>περὶ</em></strong></span> <span class='ocrx_word' id='word_1_170' title='bbox 653 2797 706 2875; x_wconf 73' lang='grc' dir='ltr'>τῆς</span> <span class='ocrx_word' id='word_1_171' title='bbox 721 2796 786 2857; x_wconf 77' lang='grc' dir='ltr'>τῶν</span> <span class='ocrx_word' id='word_1_172' title='bbox 803 2789 1053 2876; x_wconf 78' lang='grc' dir='ltr'>Ἀκαδημαϊκῶν</span> <span class='ocrx_word' id='word_1_173' title='bbox 1076 2795 1156 2878; x_wconf 85' lang='grc' dir='ltr'><strong><em>πρὸς</em></strong></span> <span class='ocrx_word' id='word_1_174' title='bbox 1179 2791 1341 2858; x_wconf 77' lang='grc' dir='ltr'><em>Πλάτωνα</em></span> <span class='ocrx_word' id='word_1_175' title='bbox 1364 2791 1561 2868; x_wconf 81' lang='grc' dir='ltr'><em>διαστάσεως</em></span> 
     </span>
     <span class='ocr_line' id='line_1_23' title="bbox 337 2899 1561 2984; baseline 0 -20"><span class='ocrx_word' id='word_1_176' title='bbox 337 2900 447 2965; x_wconf 90' lang='lat' dir='ltr'>libello</span> <span class='ocrx_word' id='word_1_177' title='bbox 472 2900 573 2982; x_wconf 88' lang='lat' dir='ltr'>[edito</span> <span class='ocrx_word' id='word_1_178' title='bbox 598 2919 618 2964; x_wconf 90' lang='lat' dir='ltr'>a</span> <span class='ocrx_word' id='word_1_179' title='bbox 642 2899 808 2982; x_wconf 88' lang='lat' dir='ltr'>Thedinga</span> <span class='ocrx_word' id='word_1_180' title='bbox 830 2900 862 2964; x_wconf 93' lang='lat' dir='ltr'>in</span> <span class='ocrx_word' id='word_1_181' title='bbox 890 2901 965 2964; x_wconf 83' lang='lat' dir='ltr'>diss</span> <span class='ocrx_word' id='word_1_182' title='bbox 992 2900 1123 2966; x_wconf 89' lang='lat' dir='ltr'>Bonnae</span> <span class='ocrx_word' id='word_1_183' title='bbox 1150 2901 1258 2984; x_wconf 85' lang='grc'><strong>1875]</strong></span> <span class='ocrx_word' id='word_1_184' title='bbox 1282 2906 1417 2982; x_wconf 92' lang='lat' dir='ltr'>propter</span> <span class='ocrx_word' id='word_1_185' title='bbox 1439 2901 1561 2965; x_wconf 87' lang='lat' dir='ltr'>Laertii</span> 
     </span>
     <span class='ocr_line' id='line_1_24' title="bbox 338 3005 1562 3090; baseline -0.001 -17"><span class='ocrx_word' id='word_1_186' title='bbox 338 3007 493 3090; x_wconf 89' lang='lat' dir='ltr'>Diogenis</span> <span class='ocrx_word' id='word_1_187' title='bbox 523 3006 833 3072; x_wconf 81' lang='lat' dir='ltr'>similitudinemad</span> <span class='ocrx_word' id='word_1_188' title='bbox 856 3005 1007 3070; x_wconf 85' lang='lat' dir='ltr'>Favorini</span> <span class='ocrx_word' id='word_1_189' title='bbox 1038 3007 1250 3090; x_wconf 79' lang='lat' dir='ltr'>‘omnigenam</span> <span class='ocrx_word' id='word_1_190' title='bbox 1277 3007 1454 3072; x_wconf 90' lang='lat' dir='ltr'>historiam’</span> <span class='ocrx_word' id='word_1_191' title='bbox 1481 3006 1562 3072; x_wconf 87' lang='grc'><strong>1616-</strong></span> 
     </span>
     <span class='ocr_line' id='line_1_25' title="bbox 338 3113 1562 3196; baseline -0.002 -16"><span class='ocrx_word' id='word_1_192' title='bbox 338 3116 439 3180; x_wconf 89' lang='lat' dir='ltr'>renda</span> <span class='ocrx_word' id='word_1_193' title='bbox 463 3114 633 3193; x_wconf 87' lang='lat' dir='ltr'>coniceret,</span> <span class='ocrx_word' id='word_1_194' title='bbox 657 3133 721 3178; x_wconf 93' lang='lat' dir='ltr'>non</span> <span class='ocrx_word' id='word_1_195' title='bbox 746 3114 848 3178; x_wconf 91' lang='lat' dir='ltr'>solum</span> <span class='ocrx_word' id='word_1_196' title='bbox 865 3113 904 3178; x_wconf 90' lang='lat' dir='ltr'>de</span> <span class='ocrx_word' id='word_1_197' title='bbox 928 3119 1079 3195; x_wconf 85' lang='lat' dir='ltr'>receptae</span> <span class='ocrx_word' id='word_1_198' title='bbox 1104 3115 1262 3195; x_wconf 93' lang='lat' dir='ltr'>opinionis</span> <span class='ocrx_word' id='word_1_199' title='bbox 1282 3113 1344 3178; x_wconf 89' lang='lat' dir='ltr'>fide</span> <span class='ocrx_word' id='word_1_200' title='bbox 1368 3115 1562 3196; x_wconf 87' lang='lat' dir='ltr'>desperavit,</span> 
     </span>
     <span class='ocr_line' id='line_1_26' title="bbox 339 3221 1563 3303; baseline -0.003 -15"><span class='ocrx_word' id='word_1_201' title='bbox 339 3240 451 3288; x_wconf 86' lang='lat' dir='ltr'>verum</span> <span class='ocrx_word' id='word_1_202' title='bbox 469 3222 509 3285; x_wconf 92' lang='lat' dir='ltr'>ad</span> <span class='ocrx_word' id='word_1_203' title='bbox 525 3221 695 3285; x_wconf 84' lang='lat' dir='ltr'>veritatem</span> <span class='ocrx_word' id='word_1_204' title='bbox 711 3239 812 3302; x_wconf 93' lang='lat' dir='ltr'>prope</span> <span class='ocrx_word' id='word_1_205' title='bbox 830 3221 893 3284; x_wconf 93' lang='lat' dir='ltr'>iam</span> <span class='ocrx_word' id='word_1_206' title='bbox 909 3221 978 3302; x_wconf 88' lang='lat' dir='ltr'>ipse</span> <span class='ocrx_word' id='word_1_207' title='bbox 995 3223 1139 3286; x_wconf 89' lang='lat' dir='ltr'>accessit.</span> <span class='ocrx_word' id='word_1_208' title='bbox 1180 3223 1351 3303; x_wconf 79' lang='lat' dir='ltr'>Quousque</span> <span class='ocrx_word' id='word_1_209' title='bbox 1367 3225 1443 3285; x_wconf 89' lang='lat' dir='ltr'>tunc</span> <span class='ocrx_word' id='word_1_210' title='bbox 1459 3239 1563 3285; x_wconf 87' lang='lat' dir='ltr'>acces-</span> 
     </span>
     <span class='ocr_line' id='line_1_27' title="bbox 340 3327 1565 3409; baseline -0.002 -15"><span class='ocrx_word' id='word_1_211' title='bbox 340 3327 489 3394; x_wconf 82' lang='grc'><strong>66111111</strong></span> <span class='ocrx_word' id='word_1_212' title='bbox 516 3346 579 3392; x_wconf 93' lang='lat' dir='ltr'>uon</span> <span class='ocrx_word' id='word_1_213' title='bbox 608 3328 728 3393; x_wconf 86' lang='lat' dir='ltr'>dictum</span> <span class='ocrx_word' id='word_1_214' title='bbox 756 3332 815 3392; x_wconf 90' lang='lat' dir='ltr'>est.</span> <span class='ocrx_word' id='word_1_215' title='bbox 853 3365 893 3372; x_wconf 87' lang='lat'><em>-</em></span> <span class='ocrx_word' id='word_1_216' title='bbox 929 3328 1021 3391; x_wconf 87' lang='lat' dir='ltr'>Alter</span> <span class='ocrx_word' id='word_1_217' title='bbox 1054 3328 1094 3392; x_wconf 88' lang='lat' dir='ltr'>H.</span> <span class='ocrx_word' id='word_1_218' title='bbox 1124 3329 1325 3392; x_wconf 86' lang='lat' dir='ltr'>Dielesius</span> <span class='ocrx_word' id='word_1_219' title='bbox 1353 3328 1461 3409; x_wconf 88' lang='lat' dir='ltr'>paullo</span> <span class='ocrx_word' id='word_1_220' title='bbox 1490 3332 1565 3409; x_wconf 89' lang='lat' dir='ltr'>post</span> 
     </span>
     <span class='ocr_line' id='line_1_28' title="bbox 341 3433 1565 3519; baseline -0.001 -20"><span class='ocrx_word' id='word_1_221' title='bbox 341 3435 434 3519; x_wconf 90' lang='lat' dir='ltr'>[mus.</span> <span class='ocrx_word' id='word_1_222' title='bbox 465 3433 553 3498; x_wconf 89' lang='lat' dir='ltr'>rheu.</span> <span class='ocrx_word' id='word_1_223' title='bbox 579 3434 687 3498; x_wconf 93' lang='lat' dir='ltr'>XXXI</span> <span class='ocrx_word' id='word_1_224' title='bbox 711 3434 826 3518; x_wconf 88' lang='grc'><strong>[1876]</strong></span> <span class='ocrx_word' id='word_1_225' title='bbox 850 3454 881 3515; x_wconf 93' lang='lat' dir='ltr'>p.</span> <span class='ocrx_word' id='word_1_226' title='bbox 907 3435 949 3498; x_wconf 90' lang='lat'>30</span> <span class='ocrx_word' id='word_1_227' title='bbox 966 3434 1012 3516; x_wconf 92' lang='lat' dir='ltr'>n.]</span> <span class='ocrx_word' id='word_1_228' title='bbox 1037 3439 1149 3498; x_wconf 92' lang='lat' dir='ltr'>contra</span> <span class='ocrx_word' id='word_1_229' title='bbox 1174 3435 1355 3500; x_wconf 86' lang='lat' dir='ltr'>Nietzschei</span> <span class='ocrx_word' id='word_1_230' title='bbox 1379 3435 1419 3500; x_wconf 90' lang='lat' dir='ltr'>de</span> <span class='ocrx_word' id='word_1_231' title='bbox 1442 3434 1565 3499; x_wconf 87' lang='lat' dir='ltr'>Laertii</span> 
     </span>
     <span class='ocr_line' id='line_1_29' title="bbox 342 3541 1564 3624; baseline -0.003 -16"><span class='ocrx_word' id='word_1_232' title='bbox 342 3561 412 3608; x_wconf 91' lang='lat' dir='ltr'>cum</span> <span class='ocrx_word' id='word_1_233' title='bbox 439 3541 600 3624; x_wconf 88' lang='lat' dir='ltr'>Hesychio</span> <span class='ocrx_word' id='word_1_234' title='bbox 636 3560 758 3606; x_wconf 90' lang='lat' dir='ltr'>conexu</span> <span class='ocrx_word' id='word_1_235' title='bbox 792 3542 974 3624; x_wconf 90' lang='lat' dir='ltr'>opinionem</span> <span class='ocrx_word' id='word_1_236' title='bbox 1004 3560 1107 3623; x_wconf 89' lang='lat' dir='ltr'>pauca</span> <span class='ocrx_word' id='word_1_237' title='bbox 1135 3541 1296 3606; x_wconf 86' lang='lat' dir='ltr'>disseruit.</span> <span class='ocrx_word' id='word_1_238' title='bbox 1349 3541 1397 3605; x_wconf 89' lang='lat' dir='ltr'>De</span> <span class='ocrx_word' id='word_1_239' title='bbox 1429 3541 1564 3622; x_wconf 89' lang='lat' dir='ltr'>singulis</span> 
     </span>
     <span class='ocr_line' id='line_1_30' title="bbox 342 3647 1564 3730; baseline -0.002 -16"><span class='ocrx_word' id='word_1_240' title='bbox 342 3655 490 3714; x_wconf 87' lang='lat' dir='ltr'>accurate</span> <span class='ocrx_word' id='word_1_241' title='bbox 514 3647 599 3711; x_wconf 89' lang='lat' dir='ltr'>idoin</span> <span class='ocrx_word' id='word_1_242' title='bbox 622 3647 671 3711; x_wconf 91' lang='lat' dir='ltr'>vir</span> <span class='ocrx_word' id='word_1_243' title='bbox 687 3649 800 3714; x_wconf 90' lang='lat' dir='ltr'>doctus</span> <span class='ocrx_word' id='word_1_244' title='bbox 823 3650 856 3713; x_wconf 92' lang='lat' dir='ltr'>in</span> <span class='ocrx_word' id='word_1_245' title='bbox 874 3648 1054 3713; x_wconf 89' lang='lat' dir='ltr'>admirabili</span> <span class='ocrx_word' id='word_1_246' title='bbox 1078 3648 1133 3713; x_wconf 90' lang='lat' dir='ltr'>illo</span> <span class='ocrx_word' id='word_1_247' title='bbox 1159 3649 1198 3712; x_wconf 91' lang='lat' dir='ltr'>de</span> <span class='ocrx_word' id='word_1_248' title='bbox 1224 3648 1450 3730; x_wconf 86' lang='lat' dir='ltr'>‘doxographis</span> <span class='ocrx_word' id='word_1_249' title='bbox 1474 3665 1564 3729; x_wconf 88' lang='lat' dir='ltr'>grae-</span> 
     </span>
     <span class='ocr_line' id='line_1_31' title="bbox 342 3754 1566 3837; baseline -0.002 -16"><span class='ocrx_word' id='word_1_250' title='bbox 342 3756 395 3821; x_wconf 91' lang='lat' dir='ltr'>cis’</span> <span class='ocrx_word' id='word_1_251' title='bbox 423 3773 520 3836; x_wconf 86' lang='lat' dir='ltr'>opere</span> <span class='ocrx_word' id='word_1_252' title='bbox 545 3755 688 3834; x_wconf 89' lang='lat' dir='ltr'>scripsit,</span> <span class='ocrx_word' id='word_1_253' title='bbox 719 3754 803 3820; x_wconf 92' lang='lat' dir='ltr'>unde</span> <span class='ocrx_word' id='word_1_254' title='bbox 832 3754 911 3818; x_wconf 93' lang='lat' dir='ltr'>mihi</span> <span class='ocrx_word' id='word_1_255' title='bbox 939 3755 1075 3836; x_wconf 91' lang='lat' dir='ltr'>posthac</span> <span class='ocrx_word' id='word_1_256' title='bbox 1103 3756 1205 3821; x_wconf 88' lang='lat' dir='ltr'>multa</span> <span class='ocrx_word' id='word_1_257' title='bbox 1234 3761 1266 3820; x_wconf 94' lang='lat' dir='ltr'>et</span> <span class='ocrx_word' id='word_1_258' title='bbox 1296 3755 1440 3837; x_wconf 85' lang='lat' dir='ltr'>pretiosa</span> <span class='ocrx_word' id='word_1_259' title='bbox 1471 3759 1566 3819; x_wconf 90' lang='lat' dir='ltr'>erunt</span> 
     </span>
     <span class='ocr_line' id='line_1_32' title="bbox 342 3861 1566 3946; baseline -0.001 -19"><span class='ocrx_word' id='word_1_260' title='bbox 342 3862 535 3929; x_wconf 88' lang='lat' dir='ltr'>advocanda.</span> <span class='ocrx_word' id='word_1_261' title='bbox 562 3898 603 3906; x_wconf 93' lang='lat'>-</span> <span class='ocrx_word' id='word_1_262' title='bbox 627 3861 773 3943; x_wconf 88' lang='lat' dir='ltr'>Denique</span> <span class='ocrx_word' id='word_1_263' title='bbox 797 3862 1137 3928; x_wconf 87' lang='lat' dir='ltr'>Freudcnthalius</span> <span class='ocrx_word' id='word_1_264' title='bbox 1161 3863 1252 3946; x_wconf 84' lang='lat' dir='ltr'>[‘Der</span> <span class='ocrx_word' id='word_1_265' title='bbox 1271 3861 1458 3926; x_wconf 87' lang='lat' dir='ltr'>Platoniker</span> <span class='ocrx_word' id='word_1_266' title='bbox 1479 3862 1566 3927; x_wconf 83' lang='lat' dir='ltr'>Albi-</span> 
     </span>
     <span class='ocr_line' id='line_1_33' title="bbox 342 3967 1565 4052; baseline 0 -19"><span class='ocrx_word' id='word_1_267' title='bbox 342 3988 402 4033; x_wconf 90' lang='lat' dir='ltr'>nus</span> <span class='ocrx_word' id='word_1_268' title='bbox 437 3969 502 4032; x_wconf 95' lang='lat' dir='ltr'>und</span> <span class='ocrx_word' id='word_1_269' title='bbox 534 3969 591 4032; x_wconf 91' lang='lat' dir='ltr'>der</span> <span class='ocrx_word' id='word_1_270' title='bbox 624 3967 744 4032; x_wconf 84' lang='lat' dir='ltr'>ialsche</span> <span class='ocrx_word' id='word_1_271' title='bbox 778 3968 941 4033; x_wconf 85' lang='lat' dir='ltr'>Alkinoos&#39;</span> <span class='ocrx_word' id='word_1_272' title='bbox 980 3969 1089 4033; x_wconf 90' lang='lat' dir='ltr'>Berlin</span> <span class='ocrx_word' id='word_1_273' title='bbox 1127 3971 1211 4034; x_wconf 90' lang='grc'><strong>1879</strong></span> <span class='ocrx_word' id='word_1_274' title='bbox 1247 3988 1277 4049; x_wconf 89' lang='lat' dir='ltr'>p.</span> <span class='ocrx_word' id='word_1_275' title='bbox 1314 3970 1378 4033; x_wconf 82' lang='lat'>305</span> <span class='ocrx_word' id='word_1_276' title='bbox 1410 3970 1493 4052; x_wconf 71' lang='grc'><strong>666]</strong></span> <span class='ocrx_word' id='word_1_277' title='bbox 1526 3968 1565 4033; x_wconf 90' lang='lat' dir='ltr'>de</span> 
     </span>
     <span class='ocr_line' id='line_1_34' title="bbox 342 4074 1567 4157; baseline -0.002 -17"><span class='ocrx_word' id='word_1_278' title='bbox 342 4076 465 4140; x_wconf 89' lang='lat' dir='ltr'>Laertii</span> <span class='ocrx_word' id='word_1_279' title='bbox 495 4075 678 4139; x_wconf 88' lang='lat' dir='ltr'>auctoribus</span> <span class='ocrx_word' id='word_1_280' title='bbox 707 4075 898 4155; x_wconf 86' lang='lat' dir='ltr'>disputavit,</span> <span class='ocrx_word' id='word_1_281' title='bbox 929 4076 1025 4157; x_wconf 88' lang='lat' dir='ltr'>idque</span> <span class='ocrx_word' id='word_1_282' title='bbox 1052 4076 1100 4139; x_wconf 90' lang='lat' dir='ltr'>ita</span> <span class='ocrx_word' id='word_1_283' title='bbox 1123 4081 1160 4141; x_wconf 87' lang='lat' dir='ltr'>ut</span> <span class='ocrx_word' id='word_1_284' title='bbox 1187 4074 1369 4139; x_wconf 88' lang='lat' dir='ltr'>Nietzschei</span> <span class='ocrx_word' id='word_1_285' title='bbox 1398 4093 1567 4156; x_wconf 89' lang='lat' dir='ltr'>argumen-</span> 
     </span>
     <span class='ocr_line' id='line_1_35' title="bbox 344 4179 1566 4264; baseline 0 -18"><span class='ocrx_word' id='word_1_286' title='bbox 344 4183 477 4247; x_wconf 87' lang='lat' dir='ltr'>tationis</span> <span class='ocrx_word' id='word_1_287' title='bbox 501 4187 663 4246; x_wconf 89' lang='lat' dir='ltr'>momenta</span> <span class='ocrx_word' id='word_1_288' title='bbox 686 4182 804 4264; x_wconf 88' lang='lat' dir='ltr'>partim</span> <span class='ocrx_word' id='word_1_289' title='bbox 828 4179 993 4246; x_wconf 85' lang='lat' dir='ltr'>refelleret</span> <span class='ocrx_word' id='word_1_290' title='bbox 1009 4183 1190 4247; x_wconf 91' lang='lat' dir='ltr'>rationibus</span> <span class='ocrx_word' id='word_1_291' title='bbox 1209 4181 1315 4260; x_wconf 89' lang='lat' dir='ltr'>certis,</span> <span class='ocrx_word' id='word_1_292' title='bbox 1340 4181 1459 4261; x_wconf 93' lang='lat' dir='ltr'>partim</span> <span class='ocrx_word' id='word_1_293' title='bbox 1483 4182 1566 4246; x_wconf 88' lang='lat' dir='ltr'>dice-</span> 
     </span>
     <span class='ocr_line' id='line_1_36' title="bbox 345 4288 1567 4370; baseline -0.002 -16"><span class='ocrx_word' id='word_1_294' title='bbox 345 4295 396 4355; x_wconf 92' lang='lat' dir='ltr'>ret</span> <span class='ocrx_word' id='word_1_295' title='bbox 424 4308 495 4354; x_wconf 88' lang='lat' dir='ltr'>esse</span> <span class='ocrx_word' id='word_1_296' title='bbox 524 4289 708 4354; x_wconf 81' lang='lat' dir='ltr'>refellenda.</span> <span class='ocrx_word' id='word_1_297' title='bbox 757 4289 881 4354; x_wconf 89' lang='lat' dir='ltr'>Novum</span> <span class='ocrx_word' id='word_1_298' title='bbox 913 4289 998 4370; x_wconf 91' lang='lat' dir='ltr'>quod</span> <span class='ocrx_word' id='word_1_299' title='bbox 1027 4288 1239 4353; x_wconf 87' lang='lat' dir='ltr'>substitueret</span> <span class='ocrx_word' id='word_1_300' title='bbox 1263 4307 1297 4353; x_wconf 91' lang='lat' dir='ltr'>se</span> <span class='ocrx_word' id='word_1_301' title='bbox 1321 4307 1383 4352; x_wconf 93' lang='lat' dir='ltr'>non</span> <span class='ocrx_word' id='word_1_302' title='bbox 1408 4288 1567 4354; x_wconf 88' lang='lat' dir='ltr'>invenisse</span> 
     </span>
     <span class='ocr_line' id='line_1_37' title="bbox 344 4395 603 4462; baseline -0.004 -1"><span class='ocrx_word' id='word_1_303' title='bbox 344 4397 447 4462; x_wconf 90' lang='lat' dir='ltr'>libere</span> <span class='ocrx_word' id='word_1_304' title='bbox 474 4395 603 4462; x_wconf 84' lang='grc'><strong>1616161.</strong></span> 
     </span>
    </p>
   </div>
   <div class='ocr_carea' id='block_1_3' title="bbox 0 0 1784 5272">
    <p class='ocr_par' dir='ltr' id='par_1_6' title="bbox 0 0 1784 5272">
     <span class='ocr_line' id='line_1_38' title="bbox 0 0 1784 5272; baseline 0 0"><span class='ocrx_word' id='word_1_305' title='bbox 0 0 1784 5272; x_wconf 95' lang='lat' dir='ltr'> </span> 
     </span>
    </p>
   </div>
  </div>
 </body>
</html>
