3506 5272
289 496 351 557 116

289 674 326 734 ll
347 690 393 753 sq.
434 672 559 735 Desunt
581 668 637 750 ibi,
662 667 810 733 concedo.
851 666 895 731 At
911 671 1022 731 extant
1039 665 1102 730 alio
1119 665 1269 749 iustoque
1283 665 1367 733 loco:
1393 665 1510 730 misere

286 779 370 843 enim
393 783 426 842 et
449 779 559 860 inepte
582 776 640 842 illa
655 794 738 858 quae
754 775 909 856 exscripsi
926 772 1024 838 verba
1040 775 1241 854 transposuit
1256 774 1407 840 Eudocia.
1448 771 1508 854 [Oi.

285 886 392 950 Laert.
418 904 470 966 pp.
498 885 573 965 263,
602 886 640 948 12
665 902 713 964 sq.
739 885 814 962 269,
843 885 879 945 ll
907 899 953 962 sq.
980 882 1054 962 274,
1083 882 1122 944 14
1147 881 1218 964 sq.].
1266 882 1365 960 Vides
1388 879 1511 945 llaehii

284 993 464 1074 peccatum!
474 992 613 1057 —Unus
626 1009 807 1072 repugnare
815 989 942 1054 videtur
953 988 1042 1052 locus
1053 988 1085 1052 in
1100 988 1240 1069 epistula
1252 988 1508 1054 adHerodotum.

395 1149 523 1204 Laertius
541 1163 568 1216 p.
582 1150 642 1214 266,
662 1149 678 1202 5
698 1163 756 1214 sqq.
896 1151 899 1229 j
1031 1146 1156 1200 Eudocia
1174 1163 1199 1214 p.
1216 1149 1275 1216 184,
1294 1149 1328 1201 29
1347 1163 1406 1214 sqq.

283 1262 318 1323 τὸ
348 1260 383 1320 δὲ
406 1259 528 1345 ψεῦδος
554 1257 607 1318 καὶ
634 1258 671 1320 τὸ
699 1245 870 1340 διημαρτη-
925 1235 1022 1320 τὸ-άὲ
1045 1236 1169 1342 ψεῦδος
1195 1263 1249 1318 καὶ
1272 1258 1308 1319 τὸ
1339 1256 1511 1339 διημαρτη-

283 1371 384 1448 μένον
422 1365 459 1429 ἕν
496 1367 541 1447 τῷ
585 1361 869 1448 προςάοξαζομένῳ
925 1367 1024 1442 μένον
1062 1362 1099 1427 ἓν
1136 1365 1180 1446 τῷ
1218 1362 1510 1449 προσδοξαζομένῳ

288 1468 342 1534 ἀεί
374 1467 441 1534 ἐστι
476 1469 558 1534 κατά
586 1471 642 1552 νην
676 1473 800 1552 κίνησιν
835 1468 871 1532 ἐν
926 1465 978 1530 ciet
1013 1468 1077 1531 ἐστι
1108 1465 1509 1553 [ἕπιμαρτυρηθήσεσθαν

283 1577 359 1661 ἡμῖν
382 1574 496 1650 αάτοϊς
516 1580 720 1660 συνημμένην
736 1577 773 1665 τῇ
790 1597 871 1657 φαν-
926 1573 980 1637 εἶτ’
1005 1571 1063 1638 οὐκ
1090 1573 1418 1659 ἐπιμαρτυρουμένου]
1447 1573 1509 1635 κτλ.

283 1685 415 1773 ταστικῇ
438 1682 575 1770 ἐπιβολῇ
598 1679 759 1766 διάληψιν
783 1679 871 1759 ἔχου·
927 1680 977 1763 [ut
1000 1681 1175 1763 Laertius}

284 1807 356 1870 σαν,
378 1792 459 1852 καθ’
473 1789 514 1873 ἣν
530 1787 564 1852 τὸ
583 1787 708 1874 ψεῦδος
720 1792 870 1867 γίγνεται.
897 1783 900 1872 λ

376 1897 533 1977 Intellego
578 1895 758 1960 Laertium:
799 1895 974 1959 Eudociam
1017 1914 1081 1959 non
1124 1913 1265 1976 possum.
1329 1893 1513 1973 Corrumpit

284 2004 434 2070 videlicet
457 2003 618 2067 Eudociae
642 2001 900 2083 supplementum
928 2001 1062 2082 probam
1086 2001 1210 2064 Laertii
1239 2001 1446 2077 sententiam,
1475 2005 1512 2062 ut

286 2112 371 2175 solet
393 2111 496 2191 proba
520 2109 719 2189 excerpendo
744 2108 931 2188 depravare.
971 2109 1014 2171 Et
1036 2112 1128 2188 patet
1147 2108 1231 2171 uude
1256 2125 1295 2171 ea
1318 2126 1400 2192 quae
1423 2106 1512 2169 uncis

284 2217 400 2281 inclusi
436 2215 675 2295 constipaverit.
734 2213 768 2277 P.
803 2215 879 2293 184,
919 2217 957 2276 17
988 2233 1034 2294 sq.
1071 2215 1221 2277 Laertius
1255 2213 1334 2276 haec
1368 2212 1510 2275 exhibet:

284 2320 366 2385 κατά
389 2324 427 2387 δὲ
448 2321 568 2405 ταύτην
590 2321 648 2402 τὴν
671 2323 873 2404 συνημμένην
900 2320 939 2405 τῇ
961 2323 1161 2407 φανταστικῇ
1190 2321 1330 2408 ἐπιβολῇ
1355 2318 1513 2404 διάληψιν

285 2427 437 2509 ἔχουσαν,
468 2426 537 2490 ἐὰν
560 2423 630 2509 μὲν
653 2423 701 2511 pq*
727 2425 1035 2516 ἐπιμαρτυρηθῇ
1065 2451 1082 2510 η
1107 2425 1444 2514 ἀντιμαρτυρηθῇ,
1468 2426 1511 2488 τὸ

285 2535 435 2622 ψεῦδος
456 2539 624 2612 γίνεται.

377 2643 550 2707 Videamus
567 2645 675 2704 cetera
691 2638 814 2702 Flachii
832 2643 1031 2719 argumenta.
1068 2639 1277 2704 Nietzscheus
1294 2641 1314 2704 l.
1329 2657 1355 2704 o.
1372 2638 1512 2720 permul-

286 2759 338 2815 tos
350 2749 438 2814 locos
451 2747 613 2828 congessit
625 2747 679 2827 qui
694 2746 780 2826 apud
789 2744 982 2826 Hesychium
996 2746 1133 2810 redeunt
1144 2746 1306 2826 pleniores
1319 2765 1414 2827 quam
1428 2746 1513 2825 apud

287 2857 452 2921 Laertium
479 2871 672 2936 quamquam
704 2851 902 2915 consimiles:
933 2871 1010 2932 ergo
1035 2853 1198 2934 -idque
1227 2854 1297 2918 iure
1322 2891 1364 2900 -
1387 2873 1451 2917 non
1475 2871 1513 2915 ex

287 2964 417 3028 Laertio
435 2963 492 3027 sed
505 2960 677 3024 Laertiano
693 2958 873 3039 biographo
889 2941 1036 3022 hausisse
1052 2961 1167 3024 statuit
1179 2961 1382 3042 Hesychium.
1416 2959 1513 3025 Velut

638 3116 742 3172 Suidas.
1114 3121 1118 3202 Ι
1260 3119 1396 3174 Laertius.

607 3226 805 3313 Μνησάρχου

290 3356 314 3404 s.
335 3357 364 3403 v.
382 3336 553 3428 Ἀρχύτας·
604 3335 622 3418 ἢ
648 3336 877 3412 Μνασαιγέτον

605 3437 623 3525 ἢ
650 3440 870 3526 Μνησαγόρου
1147 3442 1379 3529 Μνασανόρου.

290 3571 315 3618 s,
333 3572 361 3617 v.
380 3546 598 3635 Ἡράκλειτος·
646 3544 815 3620 Βλιῖσωνος
838 3571 855 3630 η
882 3543 1073 3632 Βάκτρωνος
1145 3547 1323 3623 Βλόσωνος.

291 3677 315 3722 S.
333 3677 362 3723 v.
386 3656 596 3742 Ξενοκράτης·
618 3651 814 3733 Ἀγάθωνος
829 3650 1088 3738 ῇἎγαθάνορος
1137 3652 1377 3741 ’Λναθάνορομ
1413 3641 1418 3652 ’

291 3784 316 3829 S.
333 3785 362 3831 v.
390 3764 560 3848 Πολέμων·
586 3759 807 3845 Φιλοστράτου
830 3787 848 3846 η
871 3761 1089 3847 Φιλοκράτους
1145 3761 1374 3847 Φιλοστράτου).

381 3871 529 3936 Obvertit
551 3870 701 3934 Flachius
725 3888 843 3951 posse
867 3869 1024 3934 Heracliti
1049 3875 1082 3934 et
1102 3870 1263 3953 Archytae
1287 3875 1415 3951 patrum
1438 3870 1514 3935 bino

292 3979 421 4045 nomina
442 3998 481 4042 ex
497 3977 735 4060 compendiaria
752 3977 917 4058 archetypi
934 3977 1076 4043 codicum
1092 3977 1337 4043 Laertianorum
1354 3978 1515 4059 scriptura

293 4086 463 4169 explicari:
497 4091 531 4150 at
558 4104 621 4150 non
651 4083 856 4166 consequitur
887 4085 971 4165 quod
1005 4085 1107 4150 voluit
1134 4085 1283 4150 Flachius
1315 4105 1353 4149 ex
1383 4086 1514 4150 Laertio

293 4193 434 4275 pendere
450 4191 659 4274 Hesychium;
684 4192 780 4256 immo
805 4210 875 4256 cum
892 4191 996 4254 altera
1012 4195 1124 4271 pateat
1146 4192 1231 4256 ratio
1248 4191 1370 4255 Flachii
1394 4191 1514 4256 nullam

293 4300 392 4364 habet
414 4300 477 4364 vim
501 4298 713 4365 necessitatis
762 4297 825 4363 Gur
848 4317 912 4362 non
936 4298 1000 4361 iam
1023 4299 1057 4362 in
1081 4304 1212 4363 auctore
1235 4299 1358 4363 Laertii
1381 4298 1429 4381 [et
1451 4299 1515 4362 He·

295 4404 409 4492 sychii]
448 4405 543 4470 istam
582 4405 771 4469 varietatem
812 4405 958 4468 extitisse
995 4406 1128 4486 putem?
1189 4405 1323 4470 Constat
1361 4405 1445 4469 enim
1482 4407 1514 4472 iu
