3506 5272
1397 451 1460 515 155

241 632 367 694 ceteros
395 625 531 692 fontium
554 626 827 708 Diogenianorum
856 625 1081 708 compilatores
1109 626 1250 692 Diocles.
1297 628 1461 694 videamus

241 753 282 800 an
304 733 384 799 haec
400 732 499 798 etiam
515 733 635 798 rectius
651 751 747 814 quam
771 738 839 798 ate
862 732 1049 799 factumest
1068 731 1202 797 definire
1225 733 1329 799 liceat.
1358 753 1462 816 pauca

239 842 316 908 vitis
331 838 554 921 Xenophontis
578 839 623 922 (ΙΙ
640 839 696 920 14)
714 840 872 921 Aristippi
895 839 1015 922 (1182)
1039 838 1214 922 Pyrrhonis
1238 839 1366 921 (11161,
1386 841 1426 905 65
1434 839 1462 925 ⁴)

240 948 396 1029 adspersa
424 951 513 1027 sunt,
542 964 646 1028 neque
671 946 754 1011 latet
776 945 856 1011 haec
879 946 992 1011 alienis
1015 946 1177 1012 intertexi.
1223 947 1462 1012 memorabilius

241 1059 276 1120 et
298 1054 427 1136 longius
455 1057 640 1135 excerptum
669 1053 703 1116 in
726 1051 865 1133 Epicuro
897 1053 996 1133 inest,
1026 1052 1081 1117 ubi
1103 1052 1241 1134 paginae
1267 1051 1463 1118 Cobetianae

241 1160 304 1226 257
336 1149 448 1226 versus
477 1160 607 1225 28—38
638 1177 708 1224 cum
739 1159 932 1224 testimoniis
961 1159 1092 1241 Epicuri
1121 1164 1154 1224 et
1180 1159 1310 1225 49-51
1340 1159 1461 1226 Dioclis

240 1271 329 1346 suut,
360 1267 525 1348 egregium
549 1265 735 1331 sobrietatis
758 1265 936 1346 Epicureae
959 1266 1179 1346 praeconium3
1209 1265 1365 1332 adhaeret
1394 1268 1461 1348 epi-

242 1391 386 1455 gramma
407 1371 576 1452 Athenaei,
601 1371 667 1436 sive
689 1371 798 1453 potius
823 1371 981 1452 inhaeret,
1010 1370 1096 1436 haud
1125 1372 1207 1437 bene
1236 1372 1462 1456 interpositum

240 1479 501 1561 acompilatore.
553 1478 652 1543 latius
680 1481 795 1559 patent
821 1478 954 1544 Dioclea
982 1479 1016 1543 in
1040 1478 1164 1561 Cynicis
1195 1483 1228 1544 et
1251 1479 1381 1560 Stoicis;
1409 1480 1462 1546 hic
1567 1519 1578 1536 κ

240 1587 334 1668 euim,
358 1587 413 1652 ubi
436 1586 476 1652 de
498 1587 663 1669 magistris
687 1589 907 1667 apostatarum
930 1585 1090 1651 Aristonis
1110 1585 1320 1668 Dionysiique
1343 1588 1459 1669 agitur,

241 1699 274 1760 et
295 1695 328 1759 in
352 1691 530 1776 Chrysippo
555 1693 644 1776 (181,
674 1709 749 1756 nam
780 1691 865 1773 quod
892 1691 931 1756 de
959 1696 1053 1773 patra
1080 1694 1141 1756 179
1171 1711 1235 1758 non
1266 1692 1418 1760 dissentit
1442 1713 1462 1758 a

239 1798 365 1881 vulgari
379 1798 474 1878 fama,
491 1797 583 1864 nihili
600 1799 663 1882 est)
679 1797 727 1862 ita
740 1798 903 1863 inducitur
914 1801 1026 1864 utnon
1041 1798 1145 1879 possit
1161 1798 1316 1880 distingui
1331 1799 1372 1865 ab
1388 1819 1461 1865 auc·

239 1906 364 1972 toribus
399 1924 418 1970 a
451 1905 596 1986 Diogene
631 1923 804 1987 numquam
838 1903 926 1970 visis.
978 1910 1149 1986 praeterea
1178 1905 1284 1986 logica
1312 1905 1461 1988 speciahs

242 2011 422 2078 Stoicorum
438 2031 477 2078 ex
492 2029 530 2077 eo
554 2012 717 2093 descripta
741 2015 800 2090 est,
826 2010 914 2075 cuius
930 2009 1086 2074 terminos
1110 2008 1208 2076 fixisti
1230 2031 1263 2093 p.
1282 2012 1332 2076 15.
1364 2013 1462 2078 etiam

239 2118 334 2201 plura
369 2119 501 2185 subesse
534 2119 683 2184 videntur
717 2119 751 2182 in
780 2116 920 2199 Cynicis,
955 2121 1127 2198 postquam
1155 2116 1196 2182 de
1223 2117 1367 2200 Menippi
1394 2120 1462 2184 vita

241 2230 376 2292 constat.
435 2245 472 2292 ac
499 2225 594 2291 iussit
624 2224 664 2291 ab
691 2223 884 2290 Antisthene
910 2221 1071 2306 proficisci
1100 2242 1172 2288 eum
1201 2225 1255 2306 qui
1283 2225 1322 2290 de
1350 2225 1462 2290 Diocle

241 2332 445 2398 adcuratiora
469 2333 620 2399 docturus
645 2337 731 2397 esset
753 2330 923 2396 Dielesius.
965 2348 1035 2394 cum
1060 2330 1094 2395 in
1118 2332 1235 2396 ceteris
1258 2333 1375 2414 cynicis
1393 2337 1462 2398 tum

240 2439 273 2503 in
297 2439 488 2505 Antisthene
517 2439 695 2521 biographo
727 2456 804 2504 usus
834 2442 883 2503 est
909 2436 1072 2519 Diogenes
1100 2439 1309 2520 paupertino,
1340 2441 1394 2521 qui
1421 2458 1462 2505 ne

240 2546 353 2611 solitas
381 2546 509 2628 quidem
533 2564 573 2609 ex
596 2544 790 2627 Apollodoro
819 2544 1016 2624 excerpserit
1046 2549 1228 2626 temporum
1261 2546 1459 2626 notationes3

239 2671 343 2735 neque
367 2670 407 2717 ex
428 2650 654 2717 Alexandrinis
682 2651 851 2732 quisquam
874 2654 1004 2730 praeter
1027 2649 1240 2732 Hermippum
1267 2654 1459 2717 nominatur.

241 2763 316 2839 post
339 2757 418 2822 duas
442 2755 664 2839 paragraphos
687 2755 729 2819 ad
752 2755 882 2820 iuventa
905 2754 1077 2837 transitur,
1102 2775 1176 2822 mcx
1199 2757 1239 2821 ad
1263 2757 1461 2840 apophtheg-

239 2867 336 2943 mata,
362 2863 436 2928 dein
460 2862 502 2928 ad
524 2861 655 2944 placita.
694 2861 840 2944 sequitur
856 2861 874 2942 §
892 2862 931 2926 12
955 2861 1147 2942 placitorum
1171 2863 1274 2928 altera
1294 2864 1460 2946 conlectio,

240 2968 381 3049 Diocles,
409 2968 511 3050 proba
534 2969 671 3051 quidem,
704 2968 761 3034 sed
788 2967 841 3034 vix
864 2967 1067 3034 antecedenti
1095 2973 1152 3034 aut
1179 2970 1338 3051 copiosior
1361 2971 1461 3037 multo

242 3079 299 3140 aut
321 3075 513 3140 adcuratior.
554 3074 629 3140 hinc
651 3076 723 3158 ipsa
745 3073 844 3140 verba
867 3073 1050 3140 adscribere
1078 3075 1162 3141 malo
1191 3075 1347 3159 διελέγετο
1371 3077 1400 3142 δ’
1426 3077 1463 3143 ἐν

239 3179 285 3268 τῷ
307 3179 508 3268 Κυνοσάργει
531 3231 627 3247 .....
653 3179 735 3246 ὅθεν
762 3178 846 3255 τινὲς
876 3175 930 3243 καὶ
963 3179 1022 3266 τὴν
1049 3179 1179 3266 κυνικὴν
1207 3181 1362 3249 ἐντεῦθεν
1389 3180 1461 3249 ὄνο-

240 3287 425 3372 μασθῆναι·
461 3285 559 3364 αῧτδς
581 3289 607 3353 τ’
633 3288 820 3353 ἐπεκαλεῖτο
838 3285 1037 3355 Ἁπλοκύων.
1079 3291 1133 3353 καὶ
1152 3292 1281 3377 πρῶτος
1304 3289 1461 3354 adlaturus

240 3393 299 3461 τὸν
320 3400 471 3480 τρίβωνα,
495 3394 589 3460 καθά
611 3409 691 3483 φησι
714 3393 864 3479 Διοκλῆς,
888 3397 942 3457 καὶ
964 3393 1052 3483 μόνῳ
1075 3393 1160 3484 αὐτῷ
1182 3395 1300 3483 ἐχρῆτο,
1323 3396 1462 3482 βάκτρον

241 3504 268 3567 τ’
293 3499 432 3585 ἀνέλαβε
459 3507 513 3565 καὶ
540 3499 658 3588 πήραν.
715 3508 845 3589 πρῶτον
872 3501 910 3565 δὲ
939 3502 993 3564 καὶ
1017 3500 1169 3587 Νεάνθης
1199 3503 1277 3587 φησὶ
1301 3502 1462 3568 διπλῶσαι

240 3606 418 3695 θολμάτιον
441 3607 655 3696 (Σωσικράτης
683 3610 713 3675 δ’
743 3609 780 3674 ἐν
807 3602 835 3688 y‘
858 3607 1027 3690 Διαδοχῶν
1051 3607 1222 3694 Διόδωρον
1248 3611 1307 3674 τδν
1327 3605 1461 3675 Ἀσπέν-

241 3717 329 3798 διον)
351 3721 407 3779 κα)
427 3713 569 3796 πῶγωνα
583 3719 738 3783 καθεῖναι
760 3715 815 3780 καὶ
829 3711 917 3800 πήρᾳ
939 3721 994 3778 καὶ
1016 3714 1142 3803 βάκτρῳ
1157 3715 1311 3802 χρῆσθαι.
1347 3718 1462 3782 τοῦτον

240 3821 343 3907 μόνον
370 3821 405 3886 ἐκ
432 3823 497 3888 τῶν
519 3823 730 3909 Σωκρατικῶν
753 3819 948 3905 Θεόπομπος
970 3820 1100 3888 ἐπαινεῖ
1123 3827 1179 3886 καί
1202 3839 1280 3908 φησι
1301 3821 1411 3888 δεινόν
1433 3823 1459 3886 τ’

242 3929 276 4010 (1
302 3926 371 3994 ολάν
393 3931 435 4014 τ’)
459 3933 543 3996 εἶναι
566 3931 619 3994 καὶ
642 3931 682 3995 δι’
708 3927 836 4015 ὁμιλίας
859 3930 1014 4014 ἐμμελοῦς
1036 3927 1226 4010 ὑπάγεσθαι
1245 3929 1352 3996 πάνθ’
1378 3927 1462 3996 ὄντι-

241 4055 454 4065 ---.-.-.

312 4103 337 4174 4)
355 4105 407 4159 Hic
424 4105 593 4162 luculentum
612 4111 663 4176 est,
682 4106 832 4176 aDiogene
846 4110 1004 4175 excerptum
1017 4105 1121 4160 Dioclis
1138 4121 1235 4174 parum
1253 4104 1360 4159 curiose
1373 4104 1462 4160 intru-

242 4208 301 4246 sum
320 4207 381 4247 esse
399 4193 472 4250 vitae
491 4212 572 4264 quam
591 4197 762 4277 compilabat,
781 4210 845 4251 uam
862 4196 905 4250 uti
923 4195 976 4250 iam
993 4195 1095 4264 legitur
1113 4195 1267 4250 necessario
1285 4193 1319 4249 ad
1341 4194 1462 4263 Pyrrho·

242 4296 304 4336 nem
330 4281 452 4338 retertur
479 4285 553 4353 quod
581 4285 614 4341 de
638 4286 762 4355 Pythone
788 4284 890 4340 dictum
918 4290 978 4340 erat
1001 4301 1018 4340 a
1040 4284 1150 4354 Diocle3
1179 4284 1312 4354 Pythonis
1338 4283 1463 4352 proxima

241 4370 381 4427 antecedit
398 4373 508 4428 mentio.
