3516 5272
320 474 363 536 50

318 648 377 714 ἔσω
405 646 558 737 θαλάσσῃ
588 648 705 716 (diues
731 648 898 716 erraverit
925 649 994 716 κατ’
1017 647 1227 738 Ἀρίσταρχον
1260 676 1307 720 nn
1341 654 1379 721 br
1411 656 1447 747 τῇ
1482 657 1543 736 ἔξω

202 765 203 768 ’
317 753 400 820 κατὰ
429 753 637 845 Κράτησα4”);
673 755 749 822 item
784 762 816 821 et
847 755 922 822 istic
952 756 1113 844 seriptum
1131 757 1229 843 fnit,
1265 759 1330 847 qni
1356 761 1429 828 sint
1452 765 1546 851 opud

316 867 505 932 Homerum
527 879 650 931 versus
666 862 850 951 isopsophi:
872 870 905 929 et
923 886 1068 951 quorum
1091 865 1123 931 ib
1142 866 1334 934 onominum
1351 876 1543 956 παραστιχίς

316 972 525 1059 reponimur,-
555 978 588 1037 et
611 971 688 1059 quis
710 973 790 1037 odeo
811 992 929 1038 versus
955 971 1015 1047 sit,
1046 971 1112 1060 qni
1129 981 1195 1061 per
1221 974 1362 1061 singulo
1387 977 1542 1043 uocabulo
1568 1031 1572 1038 .

316 1078 469 1166 singulos
491 1077 626 1166 syllabis
648 1076 875 1163 inereseot⁶⁰);
898 1101 935 1144 nc
949 1078 1069 1145 tunde
1089 1102 1157 1167 quo
1180 1080 1310 1148 rotrone
1330 1081 1543 1149 donerrtson·

310 1189 417 1273 gulos
438 1187 579 1274 pecudes
605 1186 645 1252 in
671 1185 826 1273 singulos
853 1209 960 1252 onnos
988 1192 1085 1252 terno
1106 1195 1248 1274 porere,·
1275 1194 1307 1254 et
1326 1209 1370 1255 ex
1394 1189 1543 1277 quinque

315 1293 536 1382 operimentis,
561 1294 683 1383 quibus
697 1293 843 1360 Achillis
857 1293 982 1380 clipeus
999 1293 1155 1360 munitus
1168 1301 1224 1370 est,
1249 1297 1340 1382 quod
1346 1297 1485 1381 foenum
1500 1319 1543 1363 ex

297 1425 401 1468 onro
416 1408 472 1477 est,
497 1423 668 1468 summum
682 1400 788 1468 solon
803 1399 951 1467 nntium
975 1401 1021 1485 [Y
1039 1405 1145 1469 2710.
1171 1402 1299 1488 sehal.];
1323 1409 1356 1468 et
1368 1410 1542 1490 praetereo

313 1508 436 1595 quobus
461 1508 599 1575 urbibus
625 1507 882 1595 regionibusque
907 1509 1062 1575 vocabulo
1090 1509 1159 1575 mm
1190 1515 1319 1575 mutato
1345 1508 1424 1585 sint,
1455 1511 1546 1597 qnod

314 1616 452 1682 Boeotio
468 1622 544 1682 onte
560 1615 853 1703 oo'pellotofuerit
868 1613 1013 1689 ‘Aonon',
1030 1617 1121 1702 quod
1128 1615 1301 1703 Aegyptus
1318 1615 1443 1682 ‘Aaron'
1456 1616 1542 1682 dieto

313 1722 369 1798 sit,
394 1725 485 1810 quod
503 1722 620 1798 Attice,
646 1719 771 1808 ‘'Anob'‚
794 1723 884 1809 quod
899 1720 1082 1789 Corinthus
1107 1723 1270 1809 ‘Ephyre’,
1288 1723 1379 1809 quoo'
1391 1723 1542 1788 Macedo·

314 1829 371 1896 nis
388 1827 570 1914 ‘’Hpobto',
585 1833 676 1919 qnod
695 1832 727 1896 T
721 1827 865 1896 hessolio
888 1826 1064 1912 ‘Aiporloe’,
1080 1829 1171 1917 quoo'
1181 1828 1284 1916 Syros
1301 1829 1438 1912 ‘Sorro’‚
1455 1829 1545 1916 quod

320 1937 464 2006 Thracio
486 1944 563 2004 onte
585 1936 742 2008 Sithonio
763 1935 851 2004 tuto
874 1934 928 2010 sit,
953 1936 1044 2022 qnod
1062 1938 1221 2002 Paestum
1246 1937 1498 2004 ‘Honordoimor’.

404 2046 508 2114 Gellio
532 2028 660 2131 ducet)
684 2044 927 2128 dispositionem
951 2045 1139 2127 omnigenae
1159 2044 1315 2110 historiae
1331 2029 1541 2110 Nietzscheus

315 2170 386 2220 eum
415 2158 586 2219 conaretur
614 2153 803 2232 restituere,
835 2169 903 2216 rem
932 2151 1033 2233 gessit
1060 2151 1230 2216 levissime.
1282 2152 1382 2217 Recte
1412 2152 1540 2234 quidem

313 2279 344 2342 p.
364 2261 428 2327 650
455 2260 586 2343 negavit
613 2260 703 2325 illam
732 2260 860 2325 omnino
891 2259 977 2325 omni
1006 2258 1147 2324 caruisse
1182 2257 1294 2323 ordine
1321 2263 1542 2340 -patescet

313 2366 398 2434 enim
415 2368 610 2434 eontrarium
634 2403 678 2414 -
701 2372 737 2432 at
751 2385 852 2449 prava
873 2366 944 2446 ipse
969 2364 1081 2431 attulit
1097 2370 1297 2446 argumenta.
1347 2363 1447 2431 Velut
1457 2386 1542 2453 quoe
1608 2397 1614 2404 .

314 2471 478 2562 obpn'pooo
502 2494 545 2540 ex
567 2471 747 2560 omnigeno
770 2471 913 2539 historin
936 2470 1128 2538 excitantur
1150 2472 1228 2538 hoec
1237 2472 1322 2556 fere
1349 2479 1477 2559 semper
1498 2494 1542 2538 ex

314 2601 382 2646 uno
397 2585 505 2646 octono
520 2579 605 2648 libro
620 2579 751 2668 sumpto
766 2586 857 2647 sunt.
895 2581 1015 2646 Verum
1033 2592 1093 2661 est,
1111 2598 1150 2646 ex
1166 2584 1278 2646 octavo
1294 2580 1377 2646 libra
1394 2580 1540 2647 Platonis

313 2692 347 2752 et
374 2687 578 2771 Pythagorae
606 2688 778 2754 memorari
808 2689 953 2765 inventa;
990 2692 1025 2766 at
1036 2691 1162 2752 scetere
1190 2688 1318 2754 omnino
1346 2687 1427 2752 nalli
1456 2687 1540 2753 libro

313 2794 538 2876 adsignantur3
568 2795 656 2862 velut
684 2793 882 2877 Protagorae
907 2795 1140 2879 Anaximandri
1162 2794 1374 2878 Anaxagorae
1398 2795 1541 2862 Socratis

312 2901 498 2969 Aristotelis
537 2902 740 2970 Alcmaeonis
774 2901 984 2969 Parmenidis.
1045 2901 1133 2968 Scire
1171 2902 1300 2984 vellem,
1336 2903 1422 2969 unde
1455 2901 1539 2968 fere

313 3025 466 3090 semper
494 3027 538 3074 ex
566 3015 703 3076 ottavo
726 3009 828 3076 libro
857 3008 1121 3092 philosophorum
1148 3008 1280 3075 inventa
1301 3007 1432 3074 fluxisse
1456 3028 1539 3075 eom-

312 3115 449 3197 pererit;
486 3116 515 3182 si
549 3135 588 3182 ex
622 3116 804 3182 conlatione
840 3117 983 3182 codicum
1018 3134 1113 3199 quam
1147 3115 1309 3197 possidet,
1346 3115 1452 3181 dicere
1485 3116 1540 3180 de·

311 3221 397 3301 buit3
434 3223 462 3288 si
491 3221 609 3304 minua,
641 3243 681 3288 ex
708 3242 790 3289 vano
819 3241 934 3288 vanam
957 3223 1066 3288 hausit
1095 3223 1320 3289 coniecturam.
1347 3257 1386 3268 —
1411 3222 1537 3304 Pergit:

310 3329 416 3394 Immo
450 3329 509 3394 hoe
542 3333 592 3394 est
622 3327 820 3403 verisimile,
857 3329 972 3395 omnio
1006 3325 1171 3415 εὑρήματα
1205 3326 1415 3393 Fauorinum
1448 3348 1539 3392 sum-

305 3433 414 3521 psisse
434 3457 478 3501 ex
499 3434 583 3502 libro
606 3435 679 3522 περὶ
702 3433 896 3522 εὑρημάτων,
920 3434 1050 3522 qualem
1064 3433 1274 3522 scripserunt
1287 3435 1446 3522 Ephorus
1464 3455 1539 3500 ¹ous-

310 3563 374 3628 qno
400 3541 618 3609 adversarius
643 3541 841 3610 Heraclides
862 3542 975 3616 Strato
997 3539 1235 3608 Artemidorus
1257 3539 1540 3628 Philostephanus

382 3792 417 3866 49)
438 3793 529 3849 Schol.
547 3783 582 3848 ab
600 3798 615 3848 λ
636 3796 680 3849 ll:
701 3793 781 3860 δῆλός
799 3796 870 3847 ἐστιν
889 3790 903 3848 ὃ
922 3792 1030 3860 ποιητὴς
1049 3792 1095 3847 sloh
1118 3789 1146 3848 rb
1165 3788 1401 3863 ‘norronopoionr'
1420 3790 1539 3847 ὠκεανὸν

310 3882 399 3938 καλῶν
417 3883 464 3950 τὴν
482 3887 540 3945 ἔξω
559 3883 728 3937 θάλατταν
747 3881 910 3953 [secundum
929 3882 1090 3951 Gratetem}

385 3972 420 4044 ⁵⁰)
439 3973 542 4029 Versus
565 3971 722 4042 rhopalicus
747 3981 770 4025 P
787 3974 848 4028 182:
875 3966 896 4026 ὦ
920 3972 1012 4045 μάκαρ
1033 3971 1152 4042 Ἀτρείδη
1175 3969 1332 4043 μοιρηγενὲς
1355 3968 1538 4041 ὀλβιόδαιμον.

311 4064 436 4120 Adnotat
452 4063 549 4118 schah:
569 4061 729 4136 σημειώσαισ
748 4061 774 4115 δ’
792 4061 827 4116 ἂν
845 4059 881 4122 ὥς
899 4061 966 4115 κατὰ
984 4059 1133 4132 πρόσθεσιν
1153 4061 1283 4130 συλλαβῆς
1301 4058 1405 4126 ηὔξηται
1421 4057 1478 4131 μετ’
1497 4061 1538 4112 ἐκ·

310 4152 425 4221 πλήξεως
444 4150 458 4207 ὅ
478 4157 587 4213 ἔπαινος
604 4148 778 4224 κλιμακηδόν.

376 4242 418 4314 ,51)
436 4242 552 4297 Photius
570 4240 638 4296 bibl.
656 4239 781 4296 eod-161
801 4255 827 4308 p.
849 4239 943 4295 103103
965 4239 1007 4307 [in
1026 4237 1168 4306 omnigene
1186 4235 1304 4292 historia
1322 4241 1401 4291 erent
1412 4236 1540 4308 διάφορα

311 4334 426 4402 λστορὶαι
445 4332 491 4386 καλ
508 4329 561 4385 τῶν
579 4327 646 4384 κατὰ
665 4329 697 4383 τὰ
717 4327 838 4402 ὀνόματα
849 4330 951 4382 θέσεων
968 4321 1136 4398 αλτιολὸγλαι]
1150 4325 1184 4380 ad
1196 4325 1267 4380 hane
1283 4324 1471 4393 quaestionem
1483 4341 1539 4380 non

311 4413 494 4475 adsnmendns
511 4425 563 4489 est,
582 4403 648 4488 quia
666 4418 707 4472 rei
725 4417 792 4487 quid
810 4416 918 4472 sitnon
937 4415 1003 4471 satia
1021 4415 1164 4471 manifesto
1183 4415 1281 4484 aperit.
