3516 5272
1350 477 1392 539 27

256 643 506 725 Chrysipporum
529 643 591 708 VII
610 645 671 707 186
695 642 795 718 ἄλλος
818 643 1010 731 Χρύσιππος
1034 647 1163 722 Κνίδιος
1186 649 1292 736 ἰατρὸς
1315 652 1392 737 παρ’

165 745 203 815 οὗ
227 767 325 836 φησιν
340 749 589 837 Ἐρασίστρατος
611 751 658 827 είς
679 747 720 816 τοὶ
745 749 887 834 μάλιστα
911 749 1119 838 ὠφελῆσθαι·

254 856 308 922 καὶ
341 859 447 940 ἕτερος
481 854 551 932 υἳὸς
584 854 698 924 τούτου
733 855 843 942 ἰατρὸς
873 843 1098 946 Πτολεμαίου,
1133 858 1169 938 ὅς
1203 861 1394 949 διαβληθεὶς

164 961 327 1050 περιήχθη
360 967 416 1028 καὶ
446 963 701 1048 μαστιγούμενος
733 963 918 1052 ἐκολάσθη·
950 966 1050 1043 ἄλλος
1084 966 1235 1056 μαθητάς
1265 967 1393 1058 Ἐρασι-

165 1069 310 1158 στράτου.

144 1225 146 1230 -
252 1177 341 1244 Ηοοο
369 1175 540 1244 sufficiunt.
593 1178 726 1260 Semper
755 1183 789 1244 et
815 1178 868 1244 hic
899 1180 991 1245 deest
1020 1181 1211 1262 scriptorum
1238 1187 1393 1252 memoria

163 1305 267 1368 neque
295 1285 425 1352 aliunde
447 1285 597 1351 innotuit.
647 1285 797 1364 Quamvis
823 1305 883 1368 per
911 1287 1098 1369 sequidem
1127 1288 1180 1354 hic
1207 1290 1262 1356 ille
1289 1293 1394 1374 possit

165 1393 347 1474 scripsisse:
365 1397 400 1457 at
415 1411 474 1458 nec
490 1391 611 1456 dictum
627 1397 678 1458 est
692 1393 732 1458 de
747 1392 813 1458 ullo
830 1398 864 1459 et
880 1393 920 1458 de
935 1393 1087 1460 Stratone
1101 1396 1225 1461 medico
1243 1416 1281 1464 eo
1298 1417 1392 1480 quem

163 1500 215 1566 vel
230 1499 423 1565 Aristoteles
447 1493 585 1583 ἀρχαῖον
608 1499 752 1580 adpellat
767 1505 882 1580 sponte
897 1501 1113 1583 redarguitur.
1155 1503 1276 1580 Quodsi
1291 1504 1393 1570 nihilo

165 1606 268 1670 secius
285 1604 532 1671 Scheuerleerus
548 1623 658 1670 omues
678 1605 751 1670 illos
774 1625 834 1687 pro
859 1610 946 1672 certo
971 1608 1137 1689 sumpsit
1159 1609 1259 1676 libros
1283 1611 1392 1678 nescio

164 1730 244 1794 quos
268 1711 494 1793 composuisse,
519 1729 558 1776 ex
581 1729 681 1792 pravo
704 1710 781 1777 lecit
794 1712 913 1778 iudicio
930 1717 963 1778 et
977 1719 1214 1796 praeoccupata
1230 1718 1390 1799 opinione.

165 1817 261 1883 Odius
286 1835 427 1882 errorem
449 1816 542 1881 nobis
565 1835 630 1882 nou
653 1817 717 1881 iam
739 1817 816 1882 licet
843 1836 1039 1900 propagare,
1070 1820 1188 1902 quippe
1219 1823 1274 1903 qui
1304 1829 1393 1890 certa

164 1923 409 1990 ratiocinatione
434 1923 539 1989 edocti
563 1923 661 1988 simus
684 1927 763 2006 quot
786 1923 886 1988 insint
909 1926 942 1989 iu
964 1925 1129 2007 catalogis,
1154 1945 1235 2008 quos
1252 1929 1392 1996 edidisse

165 2032 288 2113 scripta
311 2037 368 2096 aut
389 2031 535 2113 ignotum
559 2030 603 2095 sit
626 2034 683 2094 aut
704 2029 773 2095 veri
796 2029 952 2096 dissimile
975 2031 1094 2113 partim
1122 2038 1235 2114 aperte
1264 2033 1390 2102 falsum.

254 2139 283 2202 2.
321 2137 399 2202 Dum
422 2137 455 2200 in
478 2136 716 2202 Demetriorum
741 2141 913 2217 conspectu
936 2155 1000 2202 non
1023 2137 1147 2202 visatur
1163 2139 1298 2222 Magnes
1321 2143 1392 2223 ipse

163 2242 237 2327 περὶ
265 2240 443 2327 ὁμωνύμων
472 2243 625 2324 scriptor,
660 2247 694 2306 et
723 2241 970 2308 Scheuerlecrus
1001 2248 1035 2309 et
1057 2244 1268 2312 Nietzschcus
1296 2246 1389 2332 [mus.

163 2349 254 2414 rhen.
278 2349 384 2414 XXIV
414 2349 530 2432 (1869)
558 2368 589 2430 p.
615 2351 665 2414 11.
690 2367 721 2430 p.
747 2347 891 2432 181]st
861 2348 999 2413 stabiliri
1033 2367 1124 2414 suam
1158 2351 1198 2416 de
1233 2353 1391 2420 indicibus

163 2455 346 2520 Laertianis
376 2456 594 2537 opinationem
624 2455 813 2536 gloriantur.
864 2455 948 2540 ‘Ipse
976 2453 1067 2520 ιιιίιιι
1090 2457 1288 2523 Βοιαιίνιιιε
1316 2459 1391 2524 lau·

163 2561 245 2626 dure
267 2582 301 2626 se
324 2584 392 2626 ιιοιι
410 2561 533 2648 potur't
558 2563 619 2626 ίιοι
642 2559 715 2647 r'psa
736 2559 883 2626 absentas
906 2559 996 2628 ιἀίτν
1010 2561 1124 2628 ceteris
1140 2564 1390 2650 praefulgens&

164 2667 293 2734 Scilicet
322 2669 472 2734 eodem
462 2687 532 2734 rure
556 2669 676 2734 dixeris
705 2668 826 2732 indices
851 2665 975 2734 couiect
960 2673 1011 2735 tos
1040 2687 1111 2734 esse
1140 2689 1160 2734 a
1182 2671 1309 2754 Lycone
1334 2671 1391 2736 So-

164 2776 263 2840 cratis
287 2780 473 2841 accusatore
498 2779 554 2840 aut
577 2774 770 2840 Antisthene
793 2773 972 2856 biographo
996 2780 1052 2841 aut
1075 2778 1240 2842 Demetrio
1264 2779 1392 2844 Lacone

164 2882 324 2964 epicureo,
349 2883 403 2964 qui
426 2881 471 2948 ibi
493 2883 605 2948 cadem
629 2881 786 2948 ‘absentia
808 2879 1038 2964 praefulgeut’.
1080 2881 1142 2966 [Cf.
1172 2883 1389 2951 Scheuerleer.

162 3008 194 3070 p.
214 2991 265 3054 61.
292 2988 358 3072 92].

252 3097 281 3160 3.
308 3095 458 3177 Speciosa
473 3115 505 3176 p.
522 3097 560 3158 11
580 3097 825 3176 argumentatur
842 3093 1098 3176 Scheuerleerus,
1124 3114 1194 3161 curn
1211 3098 1251 3162 de
1268 3098 1391 3165 duobus

163 3202 321 3267 indicibus
356 3202 514 3268 Demetrii
548 3201 775 3267 auctoritatem
806 3200 956 3266 Laertius
992 3206 1190 3284 antestetur,
1225 3204 1391 3272 Demetrio

162 3327 272 3376 omncs
296 3327 368 3374 esse
391 3309 580 3374 reddendos.
628 3307 801 3374 Videamus
824 3307 898 3389 ipsi.

253 3415 269 3480 I
294 3418 312 3480 9
335 3420 448 3498 ydrons
470 3414 507 3479 δὲ
529 3419 584 3478 καὶ
607 3418 709 3501 ίτερος
724 3415 886 3490 Πιττακὸς
909 3417 1098 3502 νομοθέτης,
1121 3413 1168 3493 ὥς
1190 3432 1287 3505 φησι
1310 3419 1393 3482 Φα-

161 3527 328 3607 βωρῖνος
350 3521 391 3588 ἒν
413 3517 835 3608 ἀπομνημονευμάτων
858 3520 995 3612 πράτφ
1018 3523 1085 3588 καὶ
1109 3525 1328 3614 Δημήτριος
1350 3526 1391 3593 ἐν

162 3628 399 3714 ὃμωνάμοις·
433 3627 471 3705 ὃς
499 3629 553 3694 καί
578 3627 687 3717 μικρὸς
721 3629 977 3719 προσηγορεύθη.
1030 3631 1159 3698 Patebit
1188 3635 1303 3715 peritis
1331 3652 1391 3702 nec

161 3736 244 3819 fugit
271 3737 496 3804 Nietzscheum
525 3737 619 3822 [mus.
643 3729 733 3804 rheu.
757 3739 864 3805 XXIV
893 3737 1007 3824 (1869)
1030 3759 1061 3822 p.
1082 3742 1143 3804 127
1176 3741 1237 3826 sq.]
1268 3760 1324 3806 cur
1351 3760 1391 3806 ex

161 3844 313 3911 Favorini
325 3850 645 3927 apomuemoueumat
645 3846 674 3910 is
631 3845 807 3911 tillet
755 3863 792 3910 ca
793 3846 921 3928 talogus
932 3865 1120 3928 provenisse
1133 3852 1199 3912 s
1165 3848 1380 3914 atueudust
1337 3853 1390 3914 srt.

250 3952 266 4017 I
290 3953 332 4017 38
356 3951 509 4032 γεγόνασι
533 3952 569 4017 δὲ
591 3975 645 4016 και
634 3952 758 4018 ἄλλοι
774 3953 896 4038 Θαλαῖ,
920 3951 1031 4016 καθά
1054 3969 1148 4040 φησι
1172 3953 1391 4042 Δημήτριος

163 4059 181 4123 d
205 4058 378 4147 Μάγνης
400 4059 442 4125 ἐν
464 4068 549 4135 τοῖς
571 4055 809 4146 ὃμωνάμοις,
835 4063 944 4127 πέντε·

250 4164 352 4256 ῥήτωρ
380 4165 607 4243 Καλλατιανὸς
629 4165 814 4254 κακόζηλος·

252 4273 417 4362 ζωγράφος
439 4271 612 4352 Σικυώνιος
634 4275 857 4362 μεγαλοφυής·

251 4387 352 4468 τρίτος
367 4377 497 4466 ἀρχαῖος
512 4380 601 4449 πάνυ
617 4380 701 4448 κατὰ
719 4379 875 4450 Ἡσίοδον
889 4379 1100 4470 καὶὌμηρον
1114 4381 1169 4447 καὶ
1183 4384 1389 4469 Λυκοῦργον·
