3516 5272
336 480 378 545 36

424 656 623 738 alienique
653 657 841 724 Zenonem
869 656 1125 740 grammaticum,
1155 673 1289 738 quocum
1312 655 1352 720 de
1380 653 1552 720 oclasmate

337 763 583 846 Aristophanico
608 765 760 832 disseruit
783 765 943 847 Seleucus,
967 765 1104 848 primum
1127 763 1255 845 quidem
1277 762 1311 828 in
1332 761 1552 846 Etymologico

335 871 453 955 Magno
477 891 500 938 s.
525 892 555 939 v.
578 877 690 960 μορίαι
718 872 999 956 deprehendimus:
1100 867 1231 955 Ζήνων
1259 869 1303 934 δὲ
1331 865 1349 933 d
1379 867 1553 946 Μίνδιος

336 975 383 1044 ὅτι
410 975 447 1044 ad
477 976 575 1066 βρύον
604 985 670 1045 τῶν
693 979 812 1046 ἐλαιῶν
835 977 973 1046 ἐκάλουν
994 977 1096 1066 μόρον
1196 977 1399 1054 Σέλευκος·
1427 982 1552 1064 μορίαι·

334 1092 388 1172 τῆς
403 1081 552 1172 Ἀθηνᾶς
575 1085 657 1173 ἱεραὶ
680 1087 803 1155 ἐλαίαις
829 1093 880 1154 est
902 1088 986 1154 enim
1008 1090 1106 1174 μυρία
1128 1104 1190 1152 vox
1213 1086 1310 1151 etiam
1334 1086 1419 1168 apud
1430 1085 1553 1151 Aristo-

333 1193 472 1276 phanem
496 1194 712 1280 [nub.1005].
753 1195 843 1275 Quod
867 1195 1076 1260 addidicimus
1099 1194 1258 1260 Zenonem
1281 1193 1399 1276 Myndo
1419 1193 1553 1259 Dorien-

335 1303 417 1367 sium
440 1302 608 1367 oriundum
630 1301 742 1383 fuisse,
773 1321 810 1368 eo
834 1303 944 1368 statim
972 1307 1107 1367 utemur.
1154 1300 1236 1366 Nam
1264 1319 1335 1366 cum
1362 1319 1421 1383 per
1449 1318 1483 1366 se
1511 1300 1554 1365 sit

335 1413 582 1476 consentaneum
605 1410 780 1491 Tiberium,
809 1415 922 1491 utpote
950 1411 1004 1492 qui
1034 1413 1157 1474 amaret
1186 1408 1401 1490 grammaticis
1427 1409 1554 1490 proble-

334 1521 422 1582 mata
446 1534 484 1583 ex
506 1518 611 1600 poetis
633 1536 813 1600 proponere
837 1517 889 1602 [cf.
915 1517 1043 1584 Sueton.
1062 1518 1111 1581 56.
1139 1516 1194 1600 70]
1217 1535 1282 1582 non
1305 1515 1406 1581 solum
1422 1515 1553 1583 Seleuco

335 1626 392 1691 sed
416 1626 513 1691 ctiam
537 1625 721 1691 adversario
746 1624 870 1691 Seleuci
893 1644 985 1691 usum
1009 1643 1093 1706 esse,
1122 1629 1191 1690 tum
1213 1623 1292 1689 mihi
1315 1624 1411 1689 etiam
1434 1625 1555 1689 diserte

334 1734 461 1799 videtur
483 1731 646 1815 proditum
670 1751 689 1796 a
713 1732 864 1798 Suetonio
889 1752 915 1800 c.
941 1733 996 1797 56:
1021 1730 1142 1797 Nabim
1164 1730 1273 1797 lenior
1299 1729 1338 1795 in
1360 1729 1555 1796 convictores

335 1839 516 1906 Graeculos
537 1838 658 1927 qnibns
679 1839 731 1904 vel
743 1837 891 1906 maxime
909 1838 1132 1927 acquiescebat.
1165 1841 1368 1905 Xenonem
1389 1839 1553 1925 quendam

333 1945 538 2034 exquisitius
558 1945 831 2012 sermocinantem
853 1969 928 2013 cnm
944 1945 1188 2033 interrogasset,
1213 1967 1377 2032 quaenam
1400 1944 1462 2011 illa
1485 1951 1553 2012 tam

333 2055 465 2121 molesta
494 2053 646 2120 dialectos
673 2059 765 2128 esset,
797 2053 912 2120 atille
939 2053 1157 2141 respondeant
1181 2053 1361 2130 Doridem,
1395 2052 1557 2140 relegauit

335 2159 511 2228 Cinariam
540 2159 739 2227 encbnmans
764 2162 997 2247 exprobratum
1019 2160 1086 2227 ribi
1104 2168 1240 2228 ueterem
1262 2183 1435 2238 secessum,
1467 2161 1557 2248 quod

333 2267 458 2334 Dorice
480 2266 612 2334 Rhodii
631 2268 822 2355 loquantur.
866 2272 899 2336 Is
922 2271 1013 2336 Xeno
1037 2290 1107 2337 eum
1130 2272 1248 2337 Dorica
1271 2270 1407 2335 dialecto
1435 2287 1553 2335 sermo-

334 2378 467 2458 cinetur,
491 2380 600 2459 potest
614 2377 666 2442 vel
682 2377 790 2459 potius
806 2377 901 2444 debet
916 2384 995 2444 natu
1010 2377 1108 2445 fuisse
1123 2377 1298 2445 Doriensis.
1339 2376 1421 2455 Quid
1435 2378 1553 2459 porro?

333 2484 445 2551 Duone
485 2484 685 2566 grammatici
719 2486 892 2552 Dorienses
931 2486 1056 2553 Seleuci
1095 2487 1236 2566 sodales,
1275 2485 1396 2550 Romae
1434 2483 1553 2550 Tiberii

334 2593 540 2673 convictores,
565 2592 650 2658 Zeno
675 2592 758 2657 alter
780 2593 863 2659 alter
886 2593 998 2660 Xeno?
1043 2595 1142 2659 Immo
1167 2593 1251 2659 cedit
1273 2591 1418 2659 Suetonii
1442 2589 1550 2658 ‘Xeno'

334 2699 490 2765 ‘Zenoni’:
515 2699 563 2765 ita
586 2700 670 2764 enirn
694 2700 916 2782 corrigendum
940 2705 997 2766 est.
1024 2736 1066 2747 -
1089 2699 1231 2766 Evicisse
1259 2699 1338 2765 mihi
1365 2699 1490 2780 videor,
1520 2703 1553 2764 et

333 2807 492 2873 Zenonem
526 2807 768 2889 grammaticum
794 2808 959 2891 Myndium
994 2813 1026 2874 et
1055 2808 1221 2876 Seleucum
1255 2809 1288 2873 in
1317 2805 1440 2873 aulicae
1467 2807 1552 2873 vitae

332 2913 403 2980 luce
427 2915 511 2980 circa
535 2915 696 2981 Tiberium
717 2911 894 3000 uixisse³⁵).

421 3023 451 3087 h.
478 3023 502 3087 Z
509 3041 670 3088 euenum
697 3023 759 3090 VH
792 3023 834 3087 35
870 3023 1004 3108 ἕβδομος
1037 3019 1265 3111 γραμματικός,
1300 3017 1339 3088 οὗ
1371 3020 1452 3108 πρὸς
1485 3029 1553 3096 τοῖς

334 3128 442 3205 ἄλλοις
456 3130 511 3194 καὶ
525 3125 756 3216 ἐπιγράμματα
773 3135 904 3216 φέρεται
920 3131 986 3196 scil.
1002 3131 1159 3214 Myndius,
1177 3131 1216 3196 de
1229 3149 1291 3214 quo
1305 3127 1342 3197 ef.
1357 3128 1553 3195 Clementem

333 3242 433 3319 protr.
459 3238 489 3318 3,
515 3238 556 3301 45
581 3237 625 3321 [p.
647 3239 686 3302 13
711 3238 826 3322 Sylb.];
852 3237 935 3303 alter
958 3239 1095 3320 ignotus.

425 3343 503 3409 Octo
538 3345 691 3426 exemplis
726 3344 881 3410 indiculos
921 3346 1141 3428 cognominum
1174 3345 1363 3411 Laertianos
1397 3344 1553 3410 Demetrii

335 3456 475 3517 aetatem
505 3469 657 3533 superare
693 3453 854 3534 cognitum
889 3456 947 3518 est.
998 3452 1110 3534 Apage
1142 3452 1206 3518 iam
1235 3458 1398 3520 auctorem
1425 3451 1552 3518 illorum

334 3577 428 3641 quem
451 3559 546 3641 vulgo
570 3558 678 3626 ferunt
700 3559 898 3626 Demetrium
922 3536 1163 3645 Magnetem⁸⁶).

409 3717 447 3788 ³⁵)
466 3717 621 3775 circulator
629 3735 655 3788 p.
669 3720 718 3774 105
732 3717 953 3773 Scheuerleeras:
973 3718 1013 3770 ⁸0.
1027 3721 1176 3772 Muellerus
1185 3721 1215 3770 F.
1225 3721 1262 3772 H.
1275 3722 1306 3772 G.
1317 3721 1431 3774 [11500
1441 3721 1555 3772 misae

335 3813 404 3862 bunc
422 3813 505 3861 mcum
518 3813 602 3861 traxit
613 3812 748 3864 Seleucum
765 3811 863 3860 Tiberii
877 3812 1012 3876 aequalem
1026 3845 1049 3860 ..
1062 3813 1133 3876 quod
1142 3828 1171 3862 ec
1184 3818 1299 3876 tempere
1311 3814 1425 3862 nondum
1437 3813 1465 3862 in
1477 3813 1552 3861 illam

335 3903 503 3966 mespncanem
516 3903 655 3962 incederat,
674 3896 828 3972 ὁμωνύμων
845 3903 977 3966 catalogos
990 3901 1116 3968 consectas
1127 3917 1182 3950 esse
1199 3917 1216 3950 a
1233 3902 1290 3951 ve're
1308 3898 1435 3952 Oenones
1447 3901 1556 3966 aequali

336 3988 396 4043 etc'
427 3989 465 4046 Ut
483 3994 577 4044 cetera
594 3988 754 4058 adscribam,
773 4004 844 4044 arne
863 4003 918 4043 non
935 4001 1045 4057 possum
1063 3987 1221 4057 impetrare.
1233 4017 1268 4026 -
1281 3986 1408 4042 (laterum
1421 3985 1552 4042 Seleucus

335 4093 386 4132 nec
398 4077 592 4134 Aristarcheus
611 4083 670 4133 erat
687 4093 776 4146 neque
787 4077 1039 4133 Anticristarcheus
1053 4093 1159 4132 meras:
1178 4091 1248 4145 qaae
1263 4076 1415 4132 studiorum
1433 4076 1505 4132 ratio
1523 4077 1552 4130 in

336 4166 441 4222 Tiberii
461 4172 579 4222 aetatem
598 4167 696 4222 eximie
714 4168 830 4238 quadrat
848 4167 943 4222 talium
960 4165 1073 4221 Homeri
1090 4166 1271 4234 interpretum
1288 4165 1489 4222 feracissimam.

407 4254 444 4325 ³⁶)
463 4255 548 4312 Omiai
572 4272 641 4325 quae
664 4257 784 4314 nondam
807 4262 883 4314 certa
909 4256 1082 4327 viderentur,
1110 4256 1233 4327 quamuis
1255 4255 1326 4312 scitu
1352 4256 1434 4327 digna
1454 4260 1551 4313 essent

335 4344 471 4401 Nonnudla
489 4344 639 4415 adiungam.

407 4450 431 4488 a.
452 4433 588 4490 Bionum
607 4435 646 4491 IV
665 4437 699 4492 58
717 4439 808 4498 ἔνατος
826 4436 931 4503 ποιητὴς
958 4437 1108 4509 τραγῳδίας
1127 4436 1179 4491 τῶν
1198 4434 1338 4507 Ταρσικῶν
1356 4437 1515 4509 λεγομένων.
