3506 5272
1348 481 1407 543 121

167 655 331 720 historia.
380 654 475 718 Tales
505 655 669 737 catalogos
691 655 730 720 D.
755 654 975 719 Volkmannus
998 675 1033 737 p.
1055 658 1093 719 17
1124 674 1191 737 sqq.
1226 658 1412 739 cognovisse

187 762 248 827 sibi
275 762 418 840 videtur3
454 760 529 825 hinc
560 762 705 826 residuas
734 762 819 844 apud
843 761 1036 844 Hesychium
1066 781 1136 827 esse
1161 762 1315 844 quasdam
1339 783 1413 828 con-

187 868 342 950 iungendi
377 867 548 948 formulas
588 868 677 933 velut
711 869 740 932 si
775 868 892 932 dicitur
926 867 981 930 καί
1017 863 1192 948 αὐιός111),
1235 867 1414 954 ἕτερος111),

187 972 419 1060 redeunda,
455 972 646 1058 similia¹³¹).
701 975 798 1040 Cuius
831 976 1011 1056 argumenti
1046 975 1110 1041 vim
1144 989 1208 1040 non
1243 977 1412 1058 perspicio.

187 1083 272 1148 Illud
297 1081 351 1166 καὶ
377 1079 472 1155 αὐτός
496 1083 572 1164 quin
597 1081 648 1147 vel
672 1082 786 1148 Suidas
811 1083 850 1148 de
875 1101 931 1147 suo
956 1083 1118 1147 addidisse
1143 1084 1319 1149 censendus
1344 1087 1413 1149 est?

188 1190 270 1267 Quid
287 1189 393 1253 enim?
417 1189 467 1253 An
483 1208 509 1253 e.
529 1207 558 1270 g.
572 1189 733 1254 Eudociae
746 1189 877 1255 indiculi
890 1209 929 1255 ex
940 1191 1034 1255 docto
1047 1209 1223 1272 provenere
1237 1196 1270 1255 et
1282 1192 1413 1283 antiquo

189 1295 262 1383 περὶ
302 1291 479 1379 ὁμωνύμων
518 1298 636 1378 opere?
693 1297 736 1361 nt
767 1297 910 1362 Eudocia
949 1316 1020 1361 cum
1058 1297 1221 1378 propriam
1256 1298 1414 1362 rationem

189 1404 222 1466 in
247 1388 432 1467 adornando
457 1422 555 1485 opere
579 1406 732 1485 sequatur
757 1402 967 1486 observetque
997 1409 1030 1468 et
1060 1404 1243 1470 litterarum
1271 1405 1413 1470 ordinem

164 1513 222 1596 ⁸et
252 1509 338 1573 intra
363 1508 506 1589 singulas
537 1509 664 1574 litteras
692 1512 847 1576 materiae
877 1511 1121 1592 aequalitatem,
1151 1531 1215 1576 non
1244 1531 1353 1576 omnes
1382 1513 1414 1578 in

190 1635 286 1680 unum
319 1614 424 1681 locum
460 1622 627 1681 coacervat
661 1615 884 1700 homonymos,
921 1619 977 1684 sed
1006 1619 1162 1700 disiungit
1195 1618 1414 1700 philosophos,

189 1723 370 1803 historicos,
395 1727 519 1804 poetas
543 1723 701 1806 rhetores,
726 1730 760 1791 et
781 1725 907 1807 singula
925 1727 1086 1807 componit
1102 1745 1229 1807 genera.
1263 1725 1416 1790 Conferas

189 1831 284 1895 velim
319 1848 382 1911 qua
416 1830 543 1896 ratione
571 1832 726 1914 Didymos
754 1832 827 1897 illos
856 1851 911 1896 sex
938 1869 982 1878 —
1011 1851 1091 1913 quos
1121 1836 1153 1897 et
1182 1831 1296 1897 Suidas
1331 1833 1416 1896 uude

190 1937 310 2018 pendet
337 1935 480 2000 Eudocia
509 1942 542 2002 et
569 1938 749 2020 Hesychius
779 1939 1065 2004 coniunxerant-
1099 1937 1252 2020 proferat.
1301 1939 1416 2003 Tribus

189 2043 269 2109 locis
292 2051 450 2111 memorat
473 2045 630 2126 singulos:
656 2065 687 2126 p.
709 2047 770 2110 133
797 2052 837 2112 Δ.
862 2048 1005 2130 τέτταρες
1022 2045 1171 2125 ἐγένοντο
1187 2050 1411 2130 γραμματικοί,
1467 2031 1469 2036 ¹

190 2169 221 2231 p.
239 2151 300 2214 135
313 2151 549 2233 philosophum,
566 2171 597 2232 p.
614 2154 676 2216 128
690 2153 737 2216 rei
753 2153 893 2218 rusticae
910 2152 1098 2235 scriptorem
1112 2153 1273 2219 tractavit.
1309 2153 1414 2234 Ipsius

193 2261 243 2321 est
266 2258 444 2339 inventum,
470 2259 554 2340 quod
577 2259 699 2340 primos
723 2265 885 2342 quattuor,
910 2265 947 2325 ut
971 2261 1117 2326 adsolent
1141 2259 1213 2344 περὶ
1236 2257 1416 2342 ὁμωνύμων

192 2364 381 2444 scriptores,
421 2365 507 2429 inter
542 2383 576 2429 se
613 2367 782 2448 copulavit.
839 2367 928 2432 Idem
963 2367 1002 2432 de
1038 2367 1229 2450 Sibyllarum
1269 2367 1415 2448 catalogo

191 2470 352 2535 Eudociae
365 2471 398 2536 in
409 2470 636 2538 dissertatione
654 2474 704 2539 ‘de
717 2474 909 2557 Sibyllarum
925 2474 1092 2540 indicibus’
1110 2475 1239 2540 ostendi
1252 2495 1284 2559 p.
1299 2475 1340 2538 55
1351 2471 1414 2557 111).

265 2627 316 2698 128)
335 2645 354 2684 s.
376 2647 401 2684 v.
417 2629 597 2702 Ἀστυδάμας,
616 2633 812 2702 Διοχενειανός,
831 2632 982 2695 Διονύσιος,
1000 2633 1146 2702 Διόδωρος,
1161 2633 1309 2700 Ἐπίνικος,
1324 2630 1415 2684 ιΙππο-

191 2714 292 2788 κράτης,
312 2719 494 2782 Μελάνιππος,
515 2726 660 2788 Μουσαῖος,
683 2719 843 2792 Νικόμαχος,
859 2719 978 2790 Ὁρηεύς,
997 2723 1141 2792 Πίνδαρος,
1156 2723 1283 2792 Πρόκλος,
1302 2719 1416 2791 Σαπφώ,

194 2808 333 2878 Τιμοκλῆς,
355 2811 518 2880 Τιμοκρέων,
540 2814 642 2881 Τίμων,
663 2793 825 2881 Τυραννίων,
846 2809 984 2881 Φιλήμων,
1005 2813 1177 2877 Φιλιππίδης.

264 2893 314 2964 119)
332 2912 351 2950 s.
373 2915 398 2950 v.
413 2899 576 2970 Ἀντίμαχος,
599 2904 686 2958 Λίνος.

265 2983 315 3053 130)
333 3001 352 3039 s.
373 3001 399 3039 v.
418 2986 554 3055 Σωρανιίς,
573 2991 724 3049 Παναίτιος,
743 2985 883 3055 Μαρσύας,
904 2984 1023 3058 Κάδμος,
1037 2985 1162 3055 Ἔφορος,
1179 2984 1289 3056 Ἀχαιός.

264 3073 312 3143 131)
332 3089 353 3128 s.
374 3091 398 3128 v.
417 3077 542 3147 Δίδυμος,
561 3075 719 3144 Εὐριπίδης,
739 3077 888 3141 Θεοδέκτης,
908 3078 1090 3146 Καλλίμαχος,
1106 3071 1234 3142 Κόριννα,
1255 3076 1416 3146 Σιμωνίδης,

193 3164 338 3232 Σοηοκλῆς,
358 3161 509 3233 Θερεκάδης.

267 3250 316 3320 131)
335 3251 426 3306 Pauca
444 3252 477 3306 de
497 3251 625 3304 Tuetza
642 3267 753 3305 monere
771 3252 870 3320 placet.
907 3252 935 3306 Is
955 3259 1003 3306 aut
1021 3268 1037 3305 a
1057 3237 1142 3305 Suida
1162 3251 1269 3305 iuratur
1287 3252 1417 3320 homony-

192 3356 250 3395 mos
270 3340 358 3410 [velut
376 3341 613 3408 Hippocrates
632 3339 746 3394 eschil.
760 3340 813 3396 vll
826 3343 889 3412 975]
909 3348 957 3396 aut
970 3341 1028 3410 ipse
1042 3340 1160 3394 confecit
1178 3340 1215 3394 ib.
1229 3344 1292 3396 204:
1312 3341 1416 3396 Λυκί-

194 3451 317 3500 ηρονες
335 3430 464 3500 γεγόνασι
482 3428 610 3500 διάηοροι
627 3431 672 3497 την
689 3432 793 3497 κλῆσιν
807 3430 957 3502 Αυκόηρων
976 3435 1041 3489 παῖς
1059 3431 1104 3482 τοῦ
1122 3429 1269 3501 Μάστορος,
1289 3426 1416 3503 ὦςὍμη-

193 3516 239 3588 ρός
257 3539 309 3572 που
321 3516 421 3588 χράηει
440 3521 487 3572 καί
505 3518 585 3588 έιεροι
605 3519 772 3590 Λυκόηρονες
794 3522 875 3589 σοφοί
894 3520 1008 3572 καὶτῶν
1028 3519 1147 3588 ἇσὸηων.
1178 3518 1254 3572 Duos
1273 3519 1417 3573 Catones

194 3607 264 3662 idem
293 3607 378 3662 habet
405 3607 460 3677 [70]
489 3607 611 3675 duosque
639 3608 809 3676 Megacles
839 3609 891 3678 [5];
923 3610 991 3663 duas
1018 3607 1204 3678 Atalantes
1234 3605 1257 3675 [ἦ
1285 3609 1336 3680 μὲν
1360 3609 1417 3677 Ἀρ-

194 3696 242 3756 κὰς
267 3698 312 3748 καί
330 3696 444 3766 κυνηγὸς
468 3693 482 3761 ἢ
506 3695 533 3748 δ’
552 3691 584 3762 ἦν
602 3695 771 3766 παλαιστρικη
790 3697 863 3766 453).
900 3698 1045 3751 Atalantae
1069 3697 1139 3751 duae
1163 3702 1310 3750 occurrunt
1336 3696 1417 3750 etiam

194 3785 222 3837 in
241 3785 325 3839 schel.
344 3786 434 3854 Apoll.
452 3785 543 3840 Rhod.
562 3786 587 3839 A
606 3787 658 3840 769
678 3788 700 3839 l.
738 3784 791 3838 Iasi
810 3783 875 3839 filie.
900 3789 970 3856 έτέρα
989 3783 1043 3858 γάρ
1063 3791 1131 3839 έσειν
1150 3783 1164 3851 ἢ
1180 3787 1285 3857 Ἀρχεία
1304 3783 1318 3851 ἢ
1337 3793 1417 3857 Σχοι-

194 3879 268 3937 νέως,
285 3871 318 3939 ἣν
337 3879 435 3947 ἔγημεν
449 3871 643 3946 Ἱππομέδων)
662 3873 790 3928 —Idem
810 3874 884 3928 cadit
902 3874 931 3927 in
950 3873 1204 3928 Timarchorum
1223 3873 1346 3928 iudicem.
1377 3874 1417 3927 cf.

195 3961 278 4018 schol.
296 3962 425 4017 Aeschin.
447 3965 496 4019 157
517 3963 711 4034 Τιμαρχωδεις]
734 3965 804 4016 τοῦτο
825 3967 975 4034 Παρμένων
999 3961 1012 4016 ὁ
1034 3962 1154 4034 κωμικὸς
1176 3965 1297 4030 ἔσκωψεν
1315 3968 1353 4024 εἰς
1374 3970 1417 4017 Τί·

194 4073 300 4125 μαρχον
326 4072 415 4105 τουτον
442 4053 488 4106 τὸν
516 4051 623 4122 ῥητορα·
651 4073 682 4118 ην
710 4053 739 4105 δέ
763 4054 809 4105 καί
832 4053 918 4122 ἕτερος
943 4059 1080 4124 Τίμαρχος
1100 4056 1204 4105 Τεισίου
1221 4052 1271 4121 μέν
1291 4051 1348 4111 υίὸς
1375 4053 1419 4106 τοῦ

189 4139 373 4212 Ραμνουσίου,
393 4138 559 4212 Ἰηικράτους
581 4140 741 4211 είδεληιδους
763 4162 808 4196 του
831 4161 981 4214 στρατηγου.
1018 4141 1123 4209 Nempe
1146 4157 1180 4194 ex
1198 4140 1366 4195 Aeschine
1359 4158 1418 4209 ipso

194 4229 286 4284 hausit
305 4229 464 4283 scholiasta·
488 4231 592 4331 πρῶτον
615 4231 667 4302 μέν
690 4230 735 4284 τὸν
759 4232 920 4302 ἀδελφιδοῦν
941 4231 986 4284 τὸν
1001 4229 1168 4301 Ἰηικράτους
1186 4231 1246 4284 νίὸν
1265 4232 1294 4283 δέ
1316 4236 1419 4284 Τεισίου

194 4320 239 4373 τοῦ
252 4316 474 4391 ιιΡαμνουσίου,
462 4317 609 4391 ομώνυμον
631 4321 660 4373 δέ·
681 4321 726 4373 τοῦ
749 4323 808 4374 νυνί
831 4324 990 4392 κρινομένου
1011 4319 1148 4392 Τιμάρχου
1165 4324 1217 4373 κτλ.
1237 4318 1418 4373 ——Ceterum

195 4417 227 4462 ut
254 4409 477 4477 homonymorum
504 4408 651 4464 latinorum
679 4409 801 4464 adferam
829 4409 993 4475 indiculum,
1023 4409 1118 4464 Aelius
1143 4409 1268 4463 Donatus
1296 4408 1418 4462 Terentii
