3516 5272
1377 505 1396 568 9

168 679 335 761 scriptoris
364 682 475 760 spreta
503 677 615 744 Goheti
646 680 783 761 quadarn
813 677 1092 742 emendatiuucula
1118 678 1199 744 hacc
1229 679 1398 746 constituit

169 785 394 851 Nietzsoheus:
420 784 481 849 VII
503 785 545 848 48
570 784 606 849 ἐν
627 781 687 850 οὖν
710 796 776 860 τοῖς
799 785 936 867 λογικοῖς
958 782 1062 848 ταῦτά
1084 807 1117 849 τε
1140 786 1187 870 [τε
1202 786 1264 852 del.
1283 787 1397 871 Cobet]

168 888 278 967 αὐτοῖς
305 892 397 956 δοκεῖ
419 891 480 968 [sic
502 890 620 972 Oobet,
651 892 756 958 δοκεῖν
780 892 886 976 codd]
910 891 1159 977 κεφαλαιωδῶς·
1184 897 1238 956 καὶ
1261 901 1316 958 ἵνα
1344 901 1399 958 καὶ

170 997 251 1064 κατὰ
277 1003 372 1085 μέρος
387 1001 528 1082 εἴπωμεν
552 999 712 1083 [εἴποιμεν
736 1000 841 1084 codd]
865 1003 919 1063 καὶ
941 996 1029 1081 τάδε,
1053 995 1134 1085 ἅπερ
1157 995 1266 1065 αὐτῶν
1280 1003 1327 1076 εἰς
1340 999 1399 1086 τὴν

168 1109 380 1191 εἰσαγωγικὴν
402 1112 497 1172 τείνει
521 1110 646 1191 τέχνην,
676 1111 732 1170 καὶ
760 1102 844 1172 αὐτοὶ
874 1105 929 1169 ἐπὶ
951 1107 1064 1184 λέξεως
1087 1110 1199 1191 τίθησι
1222 1107 1358 1191 Διοκλῆς
1380 1106 1399 1173 ὃ

168 1211 304 1299 Μάγνης
322 1213 359 1278 ἐν
381 1213 419 1301 τῇ
441 1213 595 1302 ἐπιδρομῇ
618 1213 683 1279 τῶν
706 1213 899 1300 φιλοσόφων
912 1201 1026 1290 λέγων
1048 1210 1158 1288 οὕτως·
1184 1213 1309 1299 ἀρέσκει
1331 1225 1400 1290 τοῖς

170 1329 316 1394 mutuata
338 1319 402 1387 κιλ.
444 1321 527 1399 Quid
543 1322 688 1403 apertius
705 1357 744 1368 -
764 1323 811 1386 ait
826 1319 1036 1386 Nietzscheus
1054 1357 1092 1365 —
1111 1338 1207 1402 quam
1223 1320 1397 1402 Laeuium,

170 1429 198 1494 si
221 1428 327 1494 Diocli
349 1427 404 1490 καὶ
425 1427 504 1492 τάδε
528 1447 562 1494 se
585 1428 702 1494 debere
726 1427 912 1511 profitetur,
937 1428 1001 1492 iam
1025 1426 1090 1490 alia
1113 1445 1152 1490 cx
1175 1427 1287 1492 eodem
1310 1428 1399 1494 fonte

171 1540 267 1600 antea
290 1535 459 1600 hausisse?
504 1535 555 1601 Ita
580 1537 664 1601 enim
689 1554 761 1600 esse
784 1534 1075 1617 interpretandum:
1108 1535 1152 1598 Ut
1171 1532 1271 1598 etaiam
1288 1534 1399 1620 parti·

171 1640 304 1706 calana
322 1642 522 1724 referamus,
539 1640 675 1706 Dzbclas
687 1643 833 1726 Magnes
849 1640 888 1706 ιἰι
898 1640 1174 1727 philosophorum
1183 1641 1400 1726 percursione

170 1747 271 1813 ettam
300 1750 387 1821 haec,
409 1766 502 1833 'quaa
529 1749 576 1812 ad
600 1754 706 1813 artam
731 1748 788 1832 [=
810 1747 1053 1833 compendium]
1081 1749 1266 1833 quadrant,
1299 1770 1400 1834 eaque

171 1855 248 1920 item
275 1857 323 1919 ad
348 1855 482 1920 verbum
512 1854 701 1920 hervordia
728 1877 811 1919 usus
832 1853 940 1940 ponat.
989 1856 1076 1932 Quae
1104 1855 1203 1936 igitur
1232 1857 1398 1938 speciatim

172 1963 212 2028 de
246 1963 351 2044 logica
381 1962 560 2028 Stoicorum
596 1961 797 2042 adferuntur,
834 1962 873 2027 de
902 1961 1015 2028 Diocle
1048 1962 1089 2026 ad
1122 1961 1255 2027 verbum
1291 1968 1400 2028 censet

172 2070 371 2152 deprompta.
424 2070 538 2134 Eidem
575 2069 641 2133 alia
673 2068 738 2133 iam
773 2073 869 2133 antea
902 2085 936 2133 se
969 2069 1118 2134 debuisse
1152 2069 1257 2150 ipsum
1292 2069 1398 2134 dicere

172 2178 352 2243 Laertium:
393 2177 470 2258 quid
509 2175 716 2240 verisimilius
755 2194 850 2257 quam
890 2194 928 2239 ea
963 2195 1045 2257 quae
1081 2175 1261 2240 Stoicorum
1295 2176 1400 2259 logica

172 2281 255 2348 κατὰ
289 2287 385 2368 μέρος
420 2282 628 2362 antecedunt,
665 2283 685 2347 i.
712 2301 737 2347 e.
770 2282 875 2364 logica
910 2282 1140 2367 κεφαλαιωδῶς
1175 2288 1213 2348 et
1247 2284 1399 2349 stoicae

172 2390 456 2472 philosophiae
479 2390 743 2472 partitiones?
766 2389 866 2471 quue
891 2408 928 2454 eo
952 2389 1054 2454 voluit
1077 2390 1288 2471 comprobari,
1313 2391 1398 2474 quod

173 2498 276 2563 cidem
301 2502 448 2562 auctores
472 2497 505 2561 in
528 2497 641 2578 logicis
664 2496 857 2578 specialibus
886 2501 1124 2577 compararent,
1153 2515 1233 2579 quos
1262 2499 1400 2578 scriptor

172 2606 383 2688 partitionum
410 2605 622 2683 nominasset,
653 2602 849 2689 Chrysippus
873 2602 1089 2668 Archedemus
1112 2603 1275 2686 Diogenes
1298 2605 1401 2686 Baby-

173 2713 278 2779 lonius
302 2711 408 2777 Orinis
432 2711 646 2792 Apollodorus
673 2710 863 2776 Posidonius
892 2710 1024 2792 eiusque
1054 2712 1202 2792 discipuli
1230 2713 1401 2794 Antipater

173 2819 317 2885 Boethus
344 2818 501 2882 Phanias:
531 2818 618 2882 ultra
645 2818 809 2883 Posidonii
838 2817 1012 2900 discipulos
1040 2819 1071 2882 in
1104 2823 1220 2883 neutra
1244 2837 1401 2884 commen-

174 2927 298 2992 tatione
321 2925 516 3007 proceditur.
564 2926 655 2990 Adde
678 2925 765 3006 quod
788 2926 820 2989 in
848 2925 1052 2990 nonnullis
1081 2922 1193 3005 figuris
1223 2925 1401 2990 dialecticis

174 3035 280 3116 ipsum
295 3033 417 3098 Dioclis
434 3051 549 3098 nomen
565 3036 755 3113 usurpatum
771 3036 831 3110 est,
856 3031 944 3096 velut
967 3033 985 3113 ἕ
1002 3035 1020 3094 7
1025 3032 1043 3094 5
1069 3030 1103 3118 ζῇ
1121 3031 1269 3114 Διοκλῆς.
1308 3033 1401 3098 Unde

174 3140 339 3206 Laertium
361 3139 443 3204 talia
465 3140 610 3220 potuisse
635 3139 803 3203 desumere
826 3139 888 3202 nisi
918 3139 957 3203 de
985 3139 1057 3220 ipso
1080 3139 1213 3204 Diocle?
1260 3138 1401 3223 Dumque

173 3249 242 3314 veri
272 3249 317 3312 sit
344 3247 500 3312 dissimile
523 3247 668 3312 Dioclem
697 3245 954 3328 praetermisisse
984 3246 1162 3311 Stoicorum
1191 3248 1231 3312 de
1258 3247 1401 3312 moribus

175 3356 278 3438 deque
301 3360 418 3420 natura
441 3355 588 3434 decreta,
619 3372 700 3435 quac
732 3354 904 3434 diligenter
931 3357 1111 3434 pertractat
1134 3353 1293 3433 Laertius,
1318 3356 1401 3420 unde

175 3464 255 3528 hacc
271 3481 342 3526 esse
359 3467 489 3545 sumpta
504 3462 566 3526 nisi
582 3462 621 3526 de
638 3463 708 3542 ipso
724 3460 861 3526 Diocle?
895 3458 990 3544 Quid
1002 3457 1119 3522 aazia?
1150 3460 1208 3523 An
1224 3460 1400 3526 Laertr‘am

174 3571 314 3634 eundem
326 3570 462 3654 sontem
484 3590 580 3654 quem
604 3569 698 3632 modo
712 3569 916 3640 exhauserat
928 3565 1002 3630 stae
1017 3566 1089 3630 ullo
1104 3587 1205 3630 causa
1220 3567 1403 3632 destructae

171 3680 356 3762 putemus?
394 3677 527 3740 Parum
542 3696 622 3739 sane
637 3680 685 3738 ast
697 3672 889 3746 veramne,
908 3671 1084 3736 Laertr'um
1100 3679 1221 3737 ceteras
1234 3674 1403 3740 doctrinae

174 3781 292 3847 stortae
313 3788 427 3868 partes
454 3783 494 3845 ab
520 3781 589 3846 alio
617 3780 777 3866 scriptore
804 3777 1048 3865 deprompsisse,
1085 3780 1125 3843 ab
1157 3778 1226 3843 alr'o
1255 3779 1399 3855 tertiam,

176 3911 251 3953 cum
275 3887 388 3953 lateret
407 3910 483 3953 eum
507 3887 571 3972 qui
590 3890 677 3953 duas
700 3887 778 3953 illas
795 3885 1013 3973 praedestin
1035 3885 1133 3950 tertia
1156 3909 1284 3972 quoque
1298 3887 1400 3972 sequi.

176 3994 334 4080 Denique
349 3993 441 4060 illud
453 4017 517 4080 qao
524 4002 620 4081 pacto
635 3993 833 4080 expleatur,
851 3995 941 4078 quod
954 3991 1114 4058 Laertius
1129 4015 1170 4058 ae
1186 4017 1254 4058 αιιο
1268 3993 1401 4079 quadem

176 4103 243 4165 loco
258 4099 343 4165 altha
352 4105 487 4186 praeter
501 4099 776 4186 Dzbclemsontas
792 4099 962 4165 latitavit.
994 4101 1073 4167 Inde
1089 4101 1280 4166 Nietnscheo
1297 4102 1402 4168 iudice

177 4209 384 4292 consequitur
417 4213 520 4273 totam
555 4210 595 4274 de
624 4210 803 4275 Stoicorum
838 4209 998 4291 dogmatis
1033 4210 1333 4276 commentationem
1362 4211 1402 4277 de

176 4318 289 4384 Diocle
311 4315 450 4386 fluxisse.
497 4317 541 4382 Et
569 4318 718 4400 quoniam
746 4318 779 4382 in
808 4317 947 4399 capitum
976 4317 1220 4382 Laertianorum
1250 4317 1354 4384 indice
1383 4339 1403 4385 a

177 4425 247 4490 Val.
265 4425 370 4490 Roseo
388 4423 440 4508 [ci.
458 4423 567 4493 Herm.
584 4426 600 4490 Ι
619 4445 650 4508 p.
669 4428 734 4492 370
751 4425 834 4510 sqq.]
858 4425 1062 4506 promulgato
1078 4424 1249 4506 Aristonis
1273 4425 1400 4509 Herilli,
