3516 5272
329 497 370 560 52

326 672 403 738 bibl.
429 672 497 738 cod.
526 670 613 754 161].
640 707 678 715 -
704 670 826 736 Iterum
850 669 1015 735 dissentio.
1062 669 1191 734 Etenim
1220 669 1376 752 peculiari
1402 668 1552 736 instituto

326 779 519 846 Favorinum
542 777 582 842 de
605 776 743 842 inventis
766 777 871 858 egisse
894 793 953 842 neo
976 776 1117 843 traditur
1138 794 1197 842 nec
1221 777 1475 844 demonstratum
1491 781 1550 842 est.

327 886 410 965 Quin
425 890 462 952 ut
477 884 626 950 Laertius
642 883 690 949 ita
705 884 882 950 Favorinus
906 884 948 949 ad
970 885 1101 949 inventa
1124 883 1290 950 occasione
1315 884 1423 950 oblata
1446 885 1554 967 potuit

325 994 474 1061 deverti?
520 991 615 1060 Certe
645 993 734 1058 locus
762 992 817 1057 ille
846 991 1012 1059 Gellianus
1039 993 1087 1057 ita
1114 991 1235 1073 optime
1266 991 1446 1073 expeditur,
1477 991 1553 1073 quia

325 1101 448 1184 primus
477 1099 719 1183 grammaticus,
748 1097 843 1164 homo
871 1118 935 1165 non
963 1097 1128 1180 ignobilis,
1154 1096 1373 1179 Praxiphanes
1395 1098 1553 1179 Dionyso-

325 1208 440 1290 phanis
470 1206 683 1290 Mytilenaeus
719 1203 771 1290 [cf.
798 1204 971 1272 Clementis
999 1209 1108 1270 strom.
1134 1223 1164 1286 p.
1186 1205 1247 1269 133
1277 1203 1377 1288 Sylh]
1413 1209 1447 1269 et
1481 1205 1551 1286 ipse

325 1315 460 1380 tractari
493 1314 539 1380 ihi
572 1314 704 1396 potuit
738 1312 954 1380 aFavorino.
1007 1311 1112 1390 Quid?
1146 1310 1232 1393 quod
1259 1309 1316 1375 illa
1350 1309 1552 1377 inventorum

325 1420 419 1487 sedes
446 1438 648 1503 nequaquam
684 1439 755 1486 cum
782 1419 1016 1486 Nietzscheana
1051 1417 1198 1500 congruat
1232 1417 1467 1498 dispositione?
1518 1418 1552 1484 Si

326 1527 410 1592 enim
433 1527 545 1609 primis
570 1545 626 1592 sex
648 1526 740 1592 libris
762 1527 894 1592 inventa
918 1525 1043 1591 omnia
1065 1525 1151 1590 inter
1174 1542 1209 1590 se
1230 1524 1399 1590 coniuncta
1413 1525 1551 1608 inerant,

325 1634 483 1716 quomodo
509 1633 637 1701 evenire
659 1634 779 1716 potuit,
808 1637 845 1698 ut
867 1633 927 1699 bis
951 1651 990 1698 ex
1013 1637 1151 1699 octavo
1174 1632 1257 1698 libro
1281 1669 1325 1680 -
1348 1629 1551 1718 Pythagorae

326 1739 393 1806 scil.
425 1746 457 1806 et
484 1740 629 1807 Platonis
653 1777 696 1788 -
727 1737 945 1821 adferrentur,
975 1741 1008 1804 in
1036 1738 1152 1823 quibus
1179 1744 1254 1823 περὶ
1282 1736 1459 1825 ὁμωνύμων
1487 1742 1552 1807 dis-

324 1851 474 1930 putatum
502 1846 574 1912 est?
626 1843 737 1928 Neque
769 1865 808 1912 ex
835 1847 959 1913 duobus
988 1846 1086 1912 Gellii
1114 1845 1268 1927 exemplis
1295 1845 1551 1930 Pythagorarum

326 1959 360 2020 et
382 1955 616 2037 Hippocratum
643 1971 702 2035 pro
732 1960 820 2022 certo
848 1953 1044 2021 adfirmarim
1068 1971 1223 2018 summam
1245 1951 1400 2019 libronr'm
1423 1954 1552 2020 illorum

324 2063 359 2128 in
386 2063 648 2146 homonymorum
676 2061 870 2126 discretione
899 2060 995 2125 sitam
1023 2058 1131 2126 fuisse.
1160 2095 1204 2106 -
1231 2059 1278 2124 Αο
1304 2079 1345 2125 ne
1373 2061 1406 2125 in
1435 2061 1552 2126 ceteris

325 2171 454 2254 quidem
478 2168 582 2234 Gellio
611 2168 745 2233 nimium
771 2168 943 2234 tribuatur.
991 2167 1120 2233 Etenim
1148 2167 1234 2249 quod
1261 2166 1373 2233 ordine
1403 2167 1550 2234 (lolliano

325 2274 463 2342 confisus
486 2274 586 2341 libros
610 2263 867 2342 XVIII—XXIV
890 2293 943 2341 res
967 2273 1199 2358 geographicas
1223 2274 1419 2340 continuisse
1442 2275 1551 2341 Nietz-

325 2382 439 2449 soheus
483 2383 605 2464 posuit,
649 2387 762 2464 aperto
802 2382 958 2464 Stephani
1000 2381 1184 2448 testimonio
1226 2381 1432 2464 redarguitur
1470 2401 1495 2447 a.
1520 2402 1549 2448 v.

329 2486 526 2575 Τοτρόπολις
552 2493 607 2573 τῆς
633 2483 829 2573 Ἀττικῆς..
855 2487 886 2555 οἳ
914 2486 1071 2575 οἰκήτορες
1103 2487 1314 2574 Τετραπόλεϊς
1345 2488 1400 2552 καὶ
1431 2494 1550 2575 Τετρα-

325 2595 468 2677 notram,
493 2593 540 2671 01ς
563 2597 796 2682 Φαβωρῖνος
819 2592 861 2661 ἓν
882 2593 1020 2684 πριόσῳ
1042 2596 1310 2682 παντοδαπῆς
1331 2593 1425 2682 ὕλης
1448 2595 1550 2664 ἱστο-

325 2705 436 2789 ρικῆς.
482 2704 551 2768 Iam
575 2703 603 2768 ai
625 2721 723 2768 unum
745 2701 826 2768 illud
855 2721 894 2768 ex
917 2703 1205 2785 geographumenis
1228 2701 1442 2786 fragmentum
1465 2705 1551 2787 quod

326 2814 414 2875 certo
443 2808 526 2875 libro
555 2809 717 2876 addietum
746 2810 882 2876 sitnon
910 2828 949 2875 ex
980 2828 1036 2874 sex
1065 2809 1188 2875 ultimis
1216 2808 1375 2892 adfertur,
1412 2811 1483 2894 quia
1511 2828 1549 2877 10

324 2916 479 2999 procedet
501 2916 751 2999 imprudentiae,
775 2920 813 2982 ut
835 2915 1088 2983 Nietzsoheanae
1111 2916 1167 2983 isti
1189 2917 1389 2984 ratiunculae
1413 2917 1550 3001 amplius

324 3024 479 3107 plaudat?

294 3167 297 3176 ι
417 3135 446 3198 1.
470 3131 536 3197 Aut
569 3131 669 3214 igitur
704 3131 832 3197 omnino
861 3130 984 3197 nullum
1011 3127 1209 3216 παντοδαπὴ
1238 3128 1365 3219 ἱστορία
1393 3167 1437 3178 -
1467 3130 1551 3196 sicut

325 3233 646 3323 ἀπομνημονεύματα
675 3275 718 3284 -
746 3238 860 3304 habuit
888 3238 1033 3304 ordinem
1061 3242 1118 3316 aut
1145 3235 1259 3319 talem,
1295 3257 1357 3321 quo
1391 3238 1483 3304 uaria
1517 3242 1551 3302 et

325 3343 472 3426 dispersa
495 3345 641 3410 doctrina
664 3344 756 3428 quasi
779 3345 905 3411 vinculo
929 3345 1137 3426 coniungeret
1179 3395 1186 3410 .

416 3453 445 3517 2.
472 3449 653 3534 Stephanus
681 3451 756 3535 Byz.
782 3469 807 3519 S.
831 3449 1081 3538 11.’Λργιλος·
1111 3451 1206 3526 πόλις
1236 3449 1364 3538 Θρᾴκης
1397 3446 1440 3526 οἷς
1467 3451 1551 3516 Θου-

325 3556 453 3642 κυδίδης
476 3556 500 3622 ε’
526 3563 581 3623 καὶ
596 3560 832 3645 Φαβωρῖνος
854 3558 896 3625 ἕν
918 3558 1209 3635 παντοδαπατς·
1234 3556 1405 3645 *Ἆργιλος
1428 3554 1448 3642 ῆ
1469 3555 1552 3646 πρός

324 3663 369 3751 νῆ
395 3661 557 3751 Στρυμόνι
585 3668 721 3753 ποταμῷ
748 3663 859 3741 πόλις·
887 3663 1069 3752 ὠνομάσθη
1100 3665 1136 3730 δὲ
1170 3663 1281 3752 ἐπειδὴ
1316 3662 1381 3731 ὑπὸ
1413 3659 1551 3751 Θρᾳκῶν

325 3766 344 3834 δ
356 3769 417 3852 μῦς
428 3768 560 3855 ἄργιλος
571 3771 727 3850 καλεῖται,
742 3770 1108 3848 exauctorarentur«)
1120 3772 1291 3855 depellens
1302 3771 1552 3853 καταβαλέσθαι

324 3883 450 3963 πρῶτος
470 3877 533 3960 μῦς
554 3880 675 3966 ὤφθη.
721 3879 777 3945 En
799 3879 1071 3962 lexicographi
1093 3880 1228 3946 verhal

415 3985 445 4052 3.
471 3984 653 4067 Stephanus
676 3987 750 4070 Byz.
777 4005 801 4052 s.
826 4007 855 4052 v.
874 3981 1159 4073 Ἀλεξανδρεία
1183 4036 1215 4054 ..
1241 3989 1475 4073 Φαβωρῖνος
1509 3984 1551 4052 ἐν

324 4093 375 4178 τῷ
402 4092 490 4176 περὶ
513 4092 763 4179 Κυρηναϊκῆς
791 4090 943 4166 πόλεως
958 4088 1250 4180 Ἀλεξανδραώτην
1279 4089 1551 4179 φησ1παρόιτῆν

325 4197 486 4282 [excidere
516 4199 647 4284 cetera}
701 4198 776 4264 Sola
803 4199 954 4264 Favorini
989 4201 1158 4282 omnigena
1190 4200 1328 4266 historia
1356 4200 1452 4282 idque
1480 4217 1549 4265 sae-

324 4305 457 4387 pissime
481 4307 562 4372 01110
579 4305 777 4388 Stephanum
800 4323 872 4372 esse
894 4325 996 4372 usum.
1036 4306 1105 4371 Iam
1127 4325 1203 4372 vero
1219 4305 1375 4389 singulari
1390 4306 1550 4373 volumine

325 4411 365 4476 da
382 4411 506 4495 Cyrene
529 4413 608 4478 urhe
633 4413 738 4494 egisse
754 4413 947 4479 Favorinum
963 4412 1034 4479 iure
1049 4430 1142 4480 nemo
1158 4431 1298 4495 unquam
1315 4414 1460 4480 credidit
1499 4413 1550 4479 Ad
