3506 5272
364 471 428 534 124

550 642 675 698 Clemens
694 641 711 695 1.
730 656 752 694 ο
966 644 969 720 χ
1210 632 1284 687 Suid.
1306 649 1325 686 s.
1342 649 1366 686 v.

356 755 502 839 κλῆοδαι
538 755 691 837 Ἄρτεμιν
729 751 783 814 καὶ
825 751 943 836 ταύτην

355 864 620 947 παραγενομένην
636 857 667 933 ἐς
683 859 831 944 Δελφούς
847 855 943 940 ᾆσαι·

356 965 381 1031 ὦ
408 967 532 1050 Δελφοὶ
560 965 765 1052 θεράποντες
788 961 942 1050 ἑκηβόλου

350 1071 560 1148 ’Λπόλλωνος

355 1175 464 1264 ἦλθον
487 1179 549 1258 ἐγὼ
577 1177 736 1264 χρήοοοσα
761 1175 836 1253 Διὸς
866 1177 943 1242 νόον

357 1285 514 1368 αἰγιόχοιο

340 1389 615 1480 ἀὐτοκασιγνήτῳ
654 1391 856 1476 κεχολωμένη
888 1388 942 1455 'A-

357 1500 517 1566 πόλλωνι·

355 1607 422 1670 ἐστὶ
456 1605 493 1670 δὲ
527 1606 580 1670 καὶ
616 1606 698 1690 ἄλλη
719 1601 941 1692 Ἐρυθραῖοί
996 1611 1361 1697 ΣόβνλλαἎπόλλωνος
1380 1610 1435 1674 καὶ
1450 1611 1585 1690 Λαμίας

349 1713 508 1799 Ἡροφίλη
520 1708 941 1798 καλουμένημέμνηιαιῑῧθ)
998 1721 1082 1784 κατὰ
1121 1720 1158 1783 δέ
1195 1741 1286 1793 τινας
1319 1715 1586 1803 ’Λρισιοκροέιους

349 1822 613 1908 Ἡρακλείδης
641 1819 658 1883 ὃ
686 1816 873 1892 Ποντικὸς
901 1819 942 1883 ἓν
996 1827 1053 1890 καὶ
1070 1822 1206 1902 Ἰδαίας,
1231 1821 1272 1900 ὦς
1296 1824 1328 1887 δ’
1354 1822 1448 1888 ἄλλοι
1472 1829 1586 1906 Κρινο-

355 1934 403 2016 ιῷ
425 1934 513 2015 περὶ
534 1931 791 2013 χρηστηρίων·
996 1932 1105 2020 μόρου,
1136 1931 1177 2007 ὡς
1206 1932 1237 1995 δ’
1256 1929 1474 2015 Ἕρμιππος
1502 1931 1586 1992 Θεο-

997 2039 1120 2125 δώρου,
1146 2035 1363 2124 Ἐρνδραία
1382 2088 1410 2102 ..
1440 2037 1524 2111 τινὲς
1552 2033 1586 2098 δ’

997 2143 1100 2229 αὐτὴν
1132 2195 1164 2210 ..
1195 2148 1368 2225 Λίβυσσαν
1402 2141 1512 2224 (Duris
1553 2146 1587 2205 et

893 2269 901 2289 ‘
996 2251 1185 2336 Euripides)
1222 2249 1316 2314 ἄλλοι
1344 2250 1519 2331 Λεοκανὴν
1543 2299 1550 2313 .
1578 2300 1584 2313 .

996 2356 1158 2433 ἐδόξασαν
1186 2356 1375 2440 (Timaeus).
1407 2359 1517 2435 γέγονε
1547 2355 1586 2418 δὲ

997 2475 1063 2537 τοῖς
1094 2451 1221 2550 χρόνοις
1243 2460 1326 2547 μετα
1352 2460 1425 2543 οιιγΙ
1456 2460 1507 2546 ἔτη
1530 2459 1587 2545 τῆς

1001 2575 1142 2655 Τρωϊκῆς
1194 2567 1342 2643 ἁλώσεως
1399 2565 1453 2655 [ex
1505 2568 1585 2630 Era-

997 2676 1156 2741 tosthenis
1229 2677 1355 2740 ratione
1420 2672 1458 2738 cf.
1506 2674 1583 2738 diss.

995 2803 1026 2864 p.
1040 2783 1081 2846 59
1096 2782 1179 2867 sqq.]
1196 2781 1250 2845 καὶ
1267 2778 1462 2858 σονιτόξαιο
1475 2781 1585 2864 βιβλία

995 2891 1098 2952 ταῦτα
1123 2888 1188 2953 κτλ.

445 2996 490 3061 Ut
513 3000 676 3060 auctorem
700 2994 931 3074 nanciscamur,
955 2995 1074 3060 indicia
1098 2996 1204 3060 omnia
1228 2995 1438 3077 conligamus:

448 3106 475 3167 1.
512 3101 673 3185 Hesychio
698 3105 731 3165 et
754 3101 912 3166 Clementi
934 3101 1131 3185 biographus
1156 3107 1228 3167 erat
1251 3101 1435 3166 communis,

446 3212 474 3273 2.
514 3208 723 3275 Oraculorum
748 3208 904 3290 syllogam
927 3212 1016 3275 novit
1040 3210 1339 3276 non-christianam.

446 3317 475 3382 3.
512 3316 595 3379 ltem
629 3315 787 3380 Demetrii
826 3314 947 3396 Scepsii
987 3311 1131 3401 Τρωϊκόν
1169 3313 1343 3399 διάκοσμον
1381 3313 1433 3398 [ci.
1465 3315 1580 3380 Philol.

356 3423 485 3488 Unters.
509 3422 555 3505 II]
579 3422 738 3503 pernovit.

445 3532 475 3594 4.
511 3528 714 3594 Heraclidem
731 3528 852 3608 citavit,
870 3528 1034 3594 Timaeum
1051 3527 1103 3613 [cl.
1123 3529 1200 3595 diss.
1217 3549 1248 3610 p.
1267 3529 1333 3613 36],
1358 3529 1584 3594 Eratosthenis

357 3635 506 3701 chronica
529 3636 585 3720 [ih.
605 3636 759 3720 56sqq.]‚·
783 3636 936 3701 Doridem
959 3637 1010 3701 vel
1033 3637 1220 3718 Euripidem
1244 3636 1300 3720 [ih.
1325 3656 1355 3718 p.
1374 3635 1441 3718 35].

447 3744 476 3808 5.
512 3743 587 3826 περὶ
610 3740 790 3826 όμωνόμων
813 3743 951 3824 scripsit.

446 3851 563 3932 Siquis
575 3851 608 3915 in
626 3869 660 3915 sc
678 3850 851 3930 coniungat
865 3848 946 3914 haec
962 3832 1102 3932 quinque
1117 3850 1245 3930 indicia,
1262 3851 1427 3916 inventum
1443 3850 1585 3915 arbitror

357 3977 451 4040 quem
467 3957 659 4038 quaerimus.
702 3955 874 4038 Coniungit
897 3956 1104 4039 ‘biographus
1121 3957 1333 4023 Laertianus’.
1372 3957 1417 4023 IV
1434 3963 1467 4022 et
1482 3958 1511 4022 V
1527 3961 1586 4022 aut

356 4085 414 4147 per
438 4083 473 4130 se
496 4069 553 4129 aut
568 4064 691 4129 Laertii
715 4063 953 4144 comparatione
973 4063 1144 4130 manifesta
1160 4070 1248 4144 sunt3
1273 4066 1414 4147 itemque
1430 4065 1583 4146 primum:

356 4173 440 4238 vitas
464 4172 548 4236 enim
572 4174 695 4252 septem
719 4169 913 4251 sapientium
932 4169 1208 4253 Pythagoreorum
1232 4172 1367 4237 aliorum
1388 4177 1421 4237 et
1438 4171 1584 4237 Clemens

420 4389 480 4471 136)
498 4400 610 4456 (τούτων’
628 4400 752 4455 inserunt
770 4400 847 4456 codd.
885 4399 930 4471 [cf.
949 4399 1009 4470 ib.].
