3506 5272
1367 514 1429 578 137

212 687 416 768 Συρακοσίαν
443 679 501 768 τὴν
530 677 676 768 ἀδελφὴν
707 687 833 761 Δίωνος
860 687 915 751 καί
942 686 1000 772 τη“ν
1030 689 1197 775 Λοκρίδα·
1226 693 1290 770 είχε
1317 691 1432 757 δὲκαὶ

213 785 360 875 ἀδελφὴν
386 795 556 878 Λεπτίνην
578 788 597 857 ό
619 792 794 867 Διονύσιος.

302 897 340 963 of.
364 898 449 965 Plut.
473 899 565 966 Dion.
592 919 617 966 c.
641 901 660 964 3
686 896 859 975 Διονύσιος
887 899 921 963 δὲ
950 901 1063 982 ἄγεται
1090 901 1149 968 δύο
1179 914 1335 981 γυναῖκας
1363 901 1432 988 ἅμα

213 1002 272 1088 τὴν
294 1007 354 1087 μὲν
376 1003 410 1067 ἐκ
429 1005 568 1092 Λοκρῶν
590 991 699 1091 ὄνομα
716 1007 856 1094 Δωρίδα,
878 1008 935 1092 τὴν
951 1008 980 1070 δ’
995 1006 1169 1094 ἐπιχωρίαν
1184 1006 1431 1098 Ἀριστομάχην·

213 1111 339 1190 λέγεται
373 1111 410 1176 δέ
437 1108 540 1200 ἡμέρᾳ
566 1117 627 1198 μὲν
654 1111 808 1200 ἑκατέραν
836 1111 1023 1195 ἀγαγέσθαι
1049 1119 1121 1197 μιᾷ.
1158 1116 1202 1183 Ol.
1221 1123 1290 1184 c.4
1320 1116 1433 1204 ταύτης

213 1218 481 1304 [Aristomachae]
517 1215 661 1306 ἀδελφὸς
695 1222 740 1287 ὥν
775 1225 875 1288 Δίων.
918 1241 943 1288 c.
981 1225 999 1287 9
1038 1227 1202 1310 Λεπτίνης
1236 1221 1254 1288 ό
1289 1221 1434 1312 ἀδελφός

218 1325 401 1410 [Dionysii]
489 1394 491 1398 ,

303 1432 416 1516 Pergit
440 1435 685 1519 Olympiodorus
712 1436 733 1501 l.
759 1455 785 1501 c.
809 1436 895 1513 λέγει
921 1439 1032 1502 τοίνυν
1059 1435 1077 1501 ό
1104 1441 1194 1502 Δίων
1216 1438 1258 1524 τῷ
1281 1436 1434 1506 Πλούτωνι

215 1533 263 1604 ὅτι
287 1537 395 1621 ἔντυχε
410 1543 455 1628 τῷ
471 1547 647 1630 Διονυσίῳ·
671 1542 754 1618 είκός
775 1547 904 1618 πείθεις
927 1537 1031 1608 atrio
1053 1556 1119 1620 τοῖς
1142 1542 1250 1623 λόγοις
1265 1546 1435 1632 σωφρόνως

215 1645 474 1714 πολιτεύσασθαι
504 1656 559 1714 καὶ
588 1649 692 1738 σῴζεις
719 1646 796 1724 όλας
823 1647 945 1725 πόλεις·
975 1645 996 1715 ό
1021 1650 1052 1714 δ’
1082 1653 1170 1728 εἴξας
1198 1651 1235 1743 τῇ
1263 1652 1357 1738 φιλίᾳ
1381 1651 1435 1718 ἐν·

215 1752 363 1837 τυγχάνει
385 1753 480 1846 αὐτῷ.
520 1758 668 1824 Liberius
691 1757 799 1825 reddit
813 1757 897 1824 Plut.
916 1759 936 1821 4
959 1755 1002 1832 κός
1023 1760 1153 1844 πρῶτον
1175 1758 1264 1844 [Dio]
1281 1757 1434 1838 ἐγεύσατο
1547 1775 1548 1780 ’

216 1862 314 1943 λόγου
349 1863 404 1927 καί
439 1847 636 1950 φιλοσοφίας
667 1862 853 1949 ἡγεμονικῆς
882 1866 963 1948 πρὸς
992 1861 1123 1954 ἀρετήν,
1159 1866 1347 1952 ἀνεφλέχθη
1376 1864 1435 1950 τὴν

215 1968 323 2057 ψυχήν
357 2020 389 2038 ..
422 1975 477 2035 καί
509 1970 734 2058 προσδοκήσας
766 1968 831 2036 ύπδ
866 1978 931 2037 τῶν
966 1968 1073 2038 αὐτόν
1102 1969 1209 2051 λόγων
1243 1970 1342 2056 ὃμοια
1370 1978 1435 2036 πεί-

216 2081 337 2142 σεσθαι
361 2076 547 2156 Διονύσιον,
573 2077 756 2145 ἐσπούδασε
778 2078 833 2141 καὶ
855 2077 1052 2165 διεπροίξατο
1075 2077 1295 2165 ποιησόμενος
1318 2079 1436 2164 σχολὴν

221 2179 318 2249 αὐτόν
341 2183 483 2266 ἐντυχεῖν
507 2184 660 2253 Πλούτωνι
681 2187 736 2250 καί
758 2181 901 2252 ἀκούσαι.

308 2291 458 2374 Sequitur
504 2295 589 2377 apud
627 2293 888 2378 Olympiodorum
935 2293 1135 2375 conloquium
1181 2311 1220 2358 ex
1257 2289 1435 2374 Porphyrio

219 2399 381 2480 adsutum;
416 2400 530 2466 deinde
564 2401 709 2467 Platonis
743 2402 884 2467 venditio
919 2419 958 2466 ex
985 2400 1172 2467 Plutarcho:
1226 2397 1296 2464 ἐπεὶ
1328 2402 1438 2464 τοίνυν

219 2503 275 2574 ούκ
298 2507 442 2594 ἐφείδετο
465 2504 573 2586 αὐτοῦ,
598 2505 684 2573 ἀλλὰ
708 2506 749 2572 τὰ
768 2506 924 2572 κάλλιστα
939 2505 1165 2590 συνεβούλευεν
1181 2502 1276 2594 αὐτῷ,
1294 2501 1438 2591 ὠργίζετο

220 2617 275 2679 καὶ
301 2616 490 2702 ἐφλέμαινε·
519 2619 575 2679 καί
604 2637 685 2691 τινες
714 2618 774 2698 μέν
798 2631 913 2700 φασιν,
944 2612 993 2680 ὅτι
1020 2611 1147 2680 δΛίων
1176 2612 1368 2699 εὐλαβηθεὶς
1397 2610 1441 2696 μη

220 2747 288 2798 πως
321 2722 529 2811 ἐπιβουλεύσῃ
553 2772 583 2789 ..
609 2720 627 2788 ό
655 2719 825 2797 Διονύσιος
858 2721 950 2810 ᾔτησε
978 2717 1132 2806 Πόλλητοί
1165 2723 1236 2784 τινα
1265 2719 1440 2805 στρατηγόν

223 2831 496 2913 Λακεδαιμονίων
518 2827 637 2917 νύκτωρ
656 2829 825 2916 ἐκπορίσαι
840 2824 940 2896 aicta
956 2825 1010 2891 ἐπὶ
1024 2827 1082 2903 τοίς
1091 2823 1243 2912 Ἀθήνας,
1266 2833 1321 2892 ίνα
1336 2824 1437 2913 λοίθη.

219 2938 304 3005 Plut.
340 2939 401 3005 Dio
437 2957 462 3004 ο.
489 2940 517 3004 5.
543 2989 572 3004 ..
598 2936 629 3003 οἳ
661 2936 723 3022 μὲν
758 2933 817 3003 οὖν
849 2941 921 3023 περὶ
954 2933 1012 3001 τὸν
1045 2939 1154 3001 Δίωνα
1187 2932 1246 3000 τόν
1281 2930 1440 3001 Πλούτωνα
1524 3013 1529 3022 .

221 3043 405 3112 σπεύδοντα
430 3048 669 3129 συνεξέπεμπον
690 3043 745 3108 ἐπί
765 3043 924 3130 τριήρους,
952 3039 972 3126 ἢ
996 3040 1119 3108 Πόλλιν
1150 3039 1292 3126 ἐκόμιζεν
1315 3043 1360 3116 είς
1382 3041 1440 3124 τὴν

215 3150 357 3218 Ἑλλάδα
391 3157 447 3218 τὸν
474 3150 688 3239 Σπαρτιάτην.
743 3150 1005 3234 Olympiodorus:
1046 3149 1142 3214 ἄλλοι
1176 3147 1214 3212 δέ
1241 3163 1355 3233 φασιν,
1391 3143 1441 3211 ότι

222 3256 318 3336 αὐτὸς
347 3255 366 3325 ό
394 3257 566 3335 Διονύσιος
594 3259 666 3322 εἶπε
692 3261 735 3344 τῷ
763 3256 908 3346 Πόλλητι
936 3256 1049 3342 λοίθρα
1078 3261 1133 3320 ίνα
1161 3250 1261 3320 αὐτόν
1288 3252 1439 3340 ἐκβοίλλη·

221 3373 276 3431 καί
309 3365 476 3452 ἐξεβλήθη.
514 3365 551 3431 cl.
587 3366 671 3432 Plut.
706 3366 768 3431 Dio
804 3361 896 3449 5¹⁴⁹).
933 3401 977 3411 -
1006 3363 1168 3429 Adncxuit
1195 3361 1440 3445 olympiodorus

221 3476 439 3541 narrationem
462 3475 502 3539 de
518 3473 710 3539 Anniceridc
734 3492 771 3537 cx
786 3471 977 3555 Porphyri03
1004 3474 1112 3536 cetera
1135 3488 1174 3534 ex
1187 3467 1361 3534 Plutarcho
1377 3488 1440 3534 non

223 3583 291 3648 sine
320 3583 533 3664 perversitate
564 3581 733 3662 exscripsit
760 3581 880 3660 omnia,
910 3597 992 3662 quae
1016 3578 1188 3660 compilare
1211 3576 1295 3642 nolo.
1342 3576 1441 3643 Vides

224 3689 442 3774 olympiodori
466 3690 691 3755 auctoritatem
713 3707 755 3754 nc
777 3688 830 3753 hic
853 3687 980 3770 quidam
1004 3703 1075 3752 esse
1098 3684 1321 3751 adhibendam.

549 3973 610 4029 111.
639 3971 836 4028 Philodemus
854 3970 891 4028 dc
910 3967 1112 4041 philosophis.

314 4119 363 4185 Ex
385 4118 563 4185 Philodami
592 4117 631 4183 de
658 4116 859 4200 philosophis
890 4134 986 4198 opere
1014 4112 1145 4179 indiculi
1169 4116 1341 4194 supersunt
1363 4112 1443 4180 Aca·

225 4228 420 4296 domitorum
450 4230 483 4292 et
512 4226 705 4304 Stoicorum,
735 4223 791 4289 ille
821 4224 927 4291 editus
956 4219 1175 4288 aBiichclero
1206 4225 1444 4302 programmate

300 4369 352 4440 14⁹)
370 4367 478 4437 Scripta
489 4367 633 4423 Plutarchi
651 4373 679 4422 et
697 4367 815 4436 genuina
832 4371 860 4421 ot
878 4365 971 4434 spuria
983 4360 1188 4432 Neoplatoniois
1200 4365 1266 4416 nota
1278 4366 1356 4416 erant
1368 4361 1444 4418 velut

226 4461 352 4532 Eunapio
371 4459 444 4514 ritae
461 4458 607 4528 parallelae
628 4457 672 4527 [cl.
690 4457 705 4512 I
721 4473 749 4526 p.
766 4461 785 4514 4
804 4456 846 4513 ed.
864 4453 1030 4534 Boissonado
1049 4450 1242 4508 Amatolodami
1263 4451 1355 4522 1822}
