3506 5272
1390 444 1452 512 135

235 626 390 710 intellegi,
415 625 500 709 quod
521 625 571 692 uti
595 629 665 692 erat
679 623 726 690 ita
741 621 853 688 haberi
870 624 1051 706 concupivit
1065 624 1247 691 Romanus'.
1287 625 1330 690 At
1347 643 1453 691 coram

235 735 368 802 Graecis
391 739 442 800 est
464 734 567 800 oratio
591 734 732 816 dicitque
754 730 847 798 homo
871 732 904 798 in
928 732 1091 815 capiendis
1115 733 1312 800 audientium
1339 734 1453 802 animis

235 843 531 910 exercitatissimus!

324 953 353 1018 6.
390 949 496 1032 Negat
533 949 671 1033 denique
707 945 900 1013 Favorinum
937 945 1093 1015 barbaros
1131 933 1317 1015 vocatirum
1353 948 1453 1016 fuisse

235 1059 500 1139 (1111111111,
535 1058 569 1124 id
597 1057 683 1140 quod
711 1053 869 1122 commisit
898 1058 1016 1121 orator.
1069 1053 1193 1122 Sufficit
1221 1057 1453 1124 Philostratum

232 1169 250 1236 I
273 1169 292 1233 8
316 1166 505 1249 produxisse
527 1165 587 1247 qui
605 1162 719 1244 refert,
748 1162 812 1228 tria
840 1160 920 1228 haec
949 1163 983 1228 in
1012 1181 1047 1229 se
1075 1165 1181 1246 ipsum
1208 1165 1359 1231 miratum
1382 1185 1453 1234 esse

233 1275 441 1342 Favorinum:
480 1268 655 1357 Γαλάτης
693 1267 744 1336 ὢν
777 1265 1013 1354 ἑλληνίζειν,
1049 1265 1200 1352 εὐνοῦχος
1231 1269 1277 1338 ὢν
1311 1278 1455 1355 μοιχείας

233 1384 411 1470 κρίνεσθαι,
433 1377 561 1463 βασιλεῖ
581 1374 772 1462 [Hadriano]
797 1376 1018 1463 διαφέρεσθαι
1040 1382 1094 1441 καὶ
1118 1378 1183 1462 ζῆν.

323 1487 447 1556 sufficit
474 1487 617 1570 Emperii
645 1483 896 1568 argumentatio,
924 1485 1080 1568 quidquid
1106 1487 1237 1567 molitur
1267 1487 1451 1556 Marrasius.

320 1595 495 1664 Verissime
510 1613 541 1677 p.
559 1593 601 1658 15
618 1592 699 1658 dixit
712 1591 881 1673 Emperius
895 1590 1132 1659 Corinthiacam
1148 1593 1312 1662 umbratili
1329 1601 1454 1662 scatere

233 1703 413 1771 eruditione
446 1706 479 1768 et
504 1701 688 1783 importuna
717 1699 882 1765 doctrinae
912 1701 1136 1768 ostentatione.
1185 1702 1288 1768 Multa
1317 1701 1454 1769 inveniri

232 1813 312 1880 satis
339 1810 497 1878 violenter
521 1813 554 1874 11
576 1807 747 1890 imperiose
771 1808 887 1872 adres
911 1807 1123 1874 alienissimus
1147 1809 1296 1874 traducta
1319 1809 1453 1892 diligen-

231 1925 360 2003 temque
384 1935 455 1984 esse
478 1934 589 1981 eorum
612 1915 709 1980 etiam
733 1914 969 1982 enarrationem
992 1934 1074 1999 quae
1098 1916 1139 1981 ad
1158 1916 1358 1998 propositum
1373 1917 1453 1982 nihil

231 2027 384 2094 valerent.
420 2025 531 2108 anue
547 2024 652 2089 omnia
667 2041 698 2106 p.
717 2023 758 2087 33
775 2023 896 2091 indicat
910 2022 997 2089 haud
1011 2023 1163 2089 indecora
1179 2041 1249 2090 esse
1266 2024 1453 2106 omnigenae

230 2135 386 2204 historiae
402 2133 569 2215 scriptore,
593 2132 682 2198 cuius
697 2131 860 2214 ingentem
883 2131 1061 2199 doctrinam
1078 2130 1200 2198 Gellius
1224 2131 1452 2216 obstupuisset.

319 2241 648 2325 Singula'videamus.

322 2351 350 2416 1.
386 2349 543 2414 Accurate
566 2351 676 2413 orator
691 2347 724 2412 in
740 2344 899 2413 artificum
913 2346 1068 2412 memoria
1083 2351 1154 2412 erat
1169 2351 1326 2430 versatus,
1343 2369 1374 2432 p.
1388 2351 1451 2418 553

231 2458 409 2525 Vulcanum
431 2455 575 2522 nominat
597 2453 827 2537 Euphranoris,
851 2474 883 2537 p.
909 2454 971 2519 523
995 2454 1116 2521 Persen
1139 2453 1351 2539 Pythagorae,
1376 2458 1453 2524 alibi

231 2566 322 2632 alios.
338 2601 383 2612 -
399 2563 478 2630 (lum
493 2566 671 2628 ceterorum
687 2561 845 2629 artificum
867 2567 936 2628 tum
958 2561 1069 2643 ipsius
1093 2562 1297 2645 Pythagorae
1320 2565 1452 2648 eiusque

229 2672 491 2754 homonymorum
514 2669 684 2752 omnigena
706 2667 842 2736 historia
862 2669 1007 2736 meminit
1030 2687 1068 2734 ex
1083 2669 1256 2737 Polemone
1279 2671 1350 2738 aliis
1367 2692 1451 2739 sum-

229 2785 373 2863 ptormn,
408 2782 505 2860 atque
540 2778 619 2844 adeo
654 2777 806 2844 111111111
833 2815 876 2826 -
905 2777 967 2843 1111
996 2774 1057 2843 hoc
1088 2777 1215 2860 quidem
1244 2778 1313 2846 loco
1345 2779 1450 2847 alieno

230 2888 346 2955 iudicio
371 2921 413 2934 -
438 2885 478 2951 de
500 2884 703 2968 Pythagorae
726 2890 796 2953 arte
820 2891 916 2970 atque
939 2884 1077 2967 ingenio.

319 2997 349 3061 2.
384 2994 585 3061 Herodotum
613 2998 647 3060 et
672 2993 865 3062 Simonidem
889 2993 993 3060 oratio
1017 2990 1163 3060 adhibuit
1185 2993 1326 3075 itemque
1350 2995 1449 3061 omni·

230 3121 312 3186 gena
334 3101 479 3168 historia.
1000 3079 1012 3114 ⁸

288 3209 292 3216 '
318 3211 348 3276 3.
384 3211 480 3277 Dicta
501 3214 720 3276 memorarunt
735 3209 945 3293 Anaxagorae
969 3209 1065 3291 atque
1081 3205 1263 3275 Anaxarchi
1286 3214 1319 3275 et
1341 3215 1449 3277 orator

230 3325 263 3386 11
284 3315 538 3404 Favorinus¹⁴⁷):
562 3318 653 3385 illum
679 3355 716 3367 -
735 3339 799 3386 non
814 3316 1059 3400 Xenophontem
1083 3316 1270 3385 Solonemve
1292 3317 1400 3385 Laert.
1417 3319 1450 3387 ll

300 3515 350 3588 ¹4⁷)
368 3517 409 3571 De
427 3515 589 3586 Anaxagora
607 3513 641 3568 uf.
660 3513 839 3585 biographum
857 3513 962 3570 Laertii
980 3513 1008 3567 11
1029 3515 1069 3570 13.
1106 3513 1148 3567 111
1166 3513 1328 3570 Anaxarcho
1346 3513 1387 3568 IX
1404 3516 1448 3572 59.

228 3608 353 3663 Alterum
371 3604 527 3661 Anaxarchi
555 3604 656 3660 dictum
683 3604 720 3662 ib.
740 3608 774 3662 60
800 3621 834 3660 ex
851 3603 993 3659 Plutarchi
1016 3603 1191 3658 ‘Alexandro'
1210 3620 1234 3658 c.
1253 3607 1286 3661 18
1305 3603 1393 3660 fluxit.
1413 3639 1447 3647 -

228 3696 406 3752 Plutarchum
427 3694 480 3750 etsi
501 3694 545 3750 bis
567 3694 663 3750 citarit
685 3711 740 3750 non
763 3694 830 3766 legit
848 3702 939 3750 tamen
957 3694 1092 3750 Laertius.
1111 3692 1145 3749 11.
1164 3693 1204 3750 IV
1221 3697 1239 3749 4
1258 3694 1446 3766 [Speusippus]

227 3783 439 3858 Πλούταρχος
457 3786 492 3840 δέ
511 3803 611 3856 φησιν
629 3789 661 3840 ἐν
678 3787 717 3857 τῷ
729 3784 927 3857 Λυσάνδρου
944 3790 1005 3858 βίῳ
1023 3782 1197 3840 noitello
1216 3787 1377 3857 φθειρσὶν
1395 3791 1446 3841 ἐκ·

229 3881 319 3942 ζέσαι
337 3875 441 3932 αὐτόν.
473 3875 515 3932 111
526 3874 679 3946 Speusippo
697 3876 727 3931 in
740 3875 815 3932 Sulla
827 3875 969 3931 Plutarchi
986 3875 1091 3931 nullum
1103 3875 1256 3945 vestigium.
1285 3875 1369 3930 Errat
1388 3874 1445 3931 scil.

227 3967 257 4024 in
277 3967 387 4022 citando
411 3966 455 4023 111
477 3965 570 4037 potius
587 3965 695 4021 labitur
716 3965 745 4021 in
770 3966 939 4037 compilando
957 3965 1093 4022 Laertius.
1123 3966 1165 4021 De
1186 3964 1356 4035 pediculis
1374 3964 1446 4020 enim

227 4057 284 4112 illic
303 4057 456 4113 accuratius
475 4055 633 4127 exponitur:
651 4060 753 4129 λέγεται
770 4058 799 4112 δὲ
817 4058 868 4112 τῶν
885 4055 956 4112 πάνυ
974 4058 1096 4112 παλαιῶν
1108 4055 1235 4112 'Arauros‘
1253 4052 1445 4127 φθειριάσαντα

225 4148 270 4203 τὸν
287 4151 383 4203 1111111
399 4149 555 4214 τελευτῆσαι*
573 4147 626 4200 τῶν
644 4145 674 4202 δ’
697 4143 811 4219 torpor
828 4147 965 4222 Ἀλκμᾶνα
987 4147 1031 4202 τὸν
1054 4146 1199 4220 μελοποιὸν
1222 4146 1267 4200 καὶ
1290 4146 1445 4217 Φερεκύδην

226 4238 272 4293 τὸν
290 4237 422 4310 θεολόγον
440 4239 668 4304 sollicitandam
686 4235 731 4292 τὸν
740 4235 878 4293 Ὀλύνθιον
896 4241 924 4292 ἐν
943 4239 1027 4310 εἱρκτῇ
1045 4235 1257 4310 φρουρούμενον,
1275 4238 1311 4291 ἔτι
1329 4234 1443 4291 111Μού-

226 4348 284 4384 κιον
301 4327 346 4384 τὸν
365 4328 479 4401 νομικόν
496 4331 548 4382 κτλ.
584 4318 628 4383 Ab
652 4328 888 4384 11111111111111
907 4328 976 4400 [scil.
993 4328 1142 4398 Favorino]
1161 4327 1325 4383 Plutarchus
1344 4327 1444 4383 citatus

227 4423 278 4474 est.
297 4449 331 4458 -
349 4418 498 4474 Plutarcho
517 4417 694 4488 inscripserat
712 4419 864 4476 Favorinus
882 4421 943 4492 aspi
961 4421 1153 4494 Ἀκαδημαϊκῆς
1171 4421 1316 4481 διαθέσεως
1335 4417 1443 4490 [Galeri
