3506 5272
258 539 267 548 .
347 445 408 506 122

342 622 484 688 Eatenus
507 623 606 703 igitur
623 640 695 686 cum
710 620 912 698 Volkmauno
934 621 1027 701 facio,
1053 621 1139 703 qnod
1162 622 1284 686 iudices
1307 621 1568 704 homonymorum

342 727 544 792 advocandos
568 727 610 792 ad
633 729 853 809 quaestionem
877 729 1077 810 propositam
1093 728 1249 808 arbitr0r3
1276 729 1323 794 ita
1339 729 1568 812 discrepamus,

341 834 458 898 ut-ille
488 834 529 898 ad
557 853 656 898 unum
685 854 823 900 omnes
847 841 1006 916 arcessat,
1036 854 1095 917 ego
1120 855 1176 902 eos
1200 841 1325 902 tantum
1348 837 1490 918 probem,
1515 838 1568 919 qui

341 946 485 1006 veterem
510 941 691 1022 bonamque
714 942 856 1023 produnt
879 943 1045 1024 originem.
1092 944 1183 1008 Hanc
1206 944 1310 1024 legem
1334 944 1389 1024 qni
1413 944 1567 1026 sequitur,

340 1049 368 1112 is
404 1049 436 1114 in
472 1048 649 1130 digerenda
677 1049 819 1114 Suidana
852 1049 936 1114 mule
968 1050 1064 1131 plane
1099 1051 1292 1116 contrariam
1327 1050 1450 1131 volgari
1484 1051 1568 1116 viam

340 1155 554 1236 ingredietur,
586 1155 735 1238 quoniam
767 1175 829 1221 non
861 1158 953 1238 qnasi
982 1176 1001 1220 a
1029 1157 1235 1223 fundamento
1268 1158 1447 1222 exeundum
1476 1163 1568 1224 csta

341 1263 440 1328 Suida
462 1263 494 1327 in
519 1281 622 1344 eoque
646 1263 823 1343 disputatio
848 1265 1040 1330 continenda
1063 1265 1120 1328 sed
1144 1284 1164 1328 a
1185 1265 1317 1330 meliore
1333 1265 1479 1344 materia,
1504 1284 1567 1347 qua

340 1370 550 1450 abundamus,
568 1370 709 1447 discreta
725 1389 763 1434 ea
780 1371 908 1452 quidem
925 1377 958 1437 et
974 1372 1156 1438 examinata
1171 1372 1212 1436 ad
1229 1371 1359 1437 Suidam
1375 1372 1566 1436 ascendatur

340 1496 472 1542 necesse
507 1482 565 1542 est.
618 1476 731 1541 Dicam
763 1478 848 1560 quod
883 1479 1001 1544 sentio:
1038 1484 1074 1543 ut
1108 1479 1203 1544 hodie
1238 1483 1304 1542 tam
1335 1496 1438 1560 pauca
1469 1483 1565 1560 atque

339 1584 457 1666 pusilla
491 1584 531 1648 de
563 1583 772 1666 biographica
807 1590 955 1650 constent
988 1587 1157 1666 memoria,
1197 1603 1350 1668 perversa
1384 1575 1589 1667 inquirendi

341 1691 571 1756 consuetudine
602 1695 635 1755 et
663 1691 790 1756 ratione
822 1691 969 1758 effectum
993 1697 1051 1758 est.
1101 1693 1239 1758 Molesta
1262 1710 1339 1756 sane
1363 1695 1397 1754 et
1419 1692 1565 1756 modesta

339 1818 377 1864 ea
406 1817 502 1880 quam
530 1817 589 1880 ego
619 1817 764 1880 propono
794 1804 844 1865 est
874 1800 1046 1880 scrutatio,
1083 1801 1141 1864 sed
1169 1800 1208 1864 iis
1236 1798 1419 1864 necessaria
1448 1799 1503 1880 qui
1531 1801 1564 1863 in

337 1904 474 1970 historia
496 1905 679 1971 litterarum
695 1924 883 1986 graecarum
898 1907 999 1989 probe
1015 1906 1237 1989 cognoscenda
1259 1905 1369 1972 volent
1391 1904 1559 1987 proficere.

337 2013 455 2094 Ingens
478 2014 544 2078 iam
572 2015 717 2096 aperitur
746 2014 839 2096 copia
867 2019 900 2078 et
929 2033 1013 2096 quae
1046 2014 1223 2078 coniunctis
1247 2013 1419 2078 multorum
1443 2014 1564 2079 viribus

338 2125 556 2203 pertractetur
580 2121 776 2203 dignissima.
824 2122 935 2203 Neque
959 2121 1059 2203 igitur
1087 2125 1124 2186 ut
1146 2124 1249 2186 totam
1278 2121 1372 2184 simul
1400 2140 1472 2186 cum
1495 2121 1564 2202 pul-

337 2228 458 2292 uiscnlo
495 2228 695 2308 exhauriam,
733 2229 790 2294 sed
826 2229 911 2293 viam
939 2234 975 2294 ut
1004 2234 1250 2294 commonstrem
1280 2247 1344 2310 qua
1371 2228 1412 2293 ad
1442 2232 1563 2293 certum

338 2335 498 2416 quendam
521 2334 618 2400 finem
641 2336 858 2417 perveniatur,
882 2334 1012 2417 profero
1036 2355 1119 2418 quae
1141 2336 1219 2401 mihi
1244 2335 1419 2400 extricasse
1441 2335 1563 2400 uideor.

767 2603 775 2617 ,
836 2531 863 2586 1.
886 2533 930 2585 Ile
948 2529 1064 2586 brutis.

426 2657 475 2721 De
499 2658 599 2722 Arato
624 2656 756 2738 SuidaS,
790 2662 825 2721 ut
848 2656 915 2721 fere
939 2655 991 2738 fit,
1023 2658 1170 2738 congruit
1194 2676 1265 2721 cum
1289 2674 1446 2736 anonymo
1471 2655 1563 2720 Arati

338 2764 517 2846 biographo
562 2763 662 2845 [apud
706 2764 987 2829 Wcstermannum
1032 2764 1212 2846 ‘biographi
1258 2763 1366 2844 graeci
1412 2763 1560 2827 minores’

337 2890 367 2951 p.
387 2871 427 2934 52
453 2870 553 2955 sqq.],
582 2871 644 2935 nisi
674 2872 759 2953 quod
782 2873 937 2953 pleraque
960 2871 1149 2936 brevissime
1174 2869 1304 2934 exbibet
1327 2871 1360 2935 in
1383 2870 1495 2950 paucis
1520 2907 1558 2916 -

337 2977 509 3058 praecipue
538 2977 570 3042 in
599 2977 754 3042 librorum
784 2979 971 3044 recensione
1001 3015 1043 3023 -
1073 2977 1241 3059 copiosior.
1296 2977 1479 3058 Anonymus
1506 2976 1561 3040 ille

338 3084 465 3148 excellit
484 3084 586 3165 proba
602 3085 740 3166 quadam
756 3085 952 3164 eruditione,
978 3085 1200 3166 Asclepiadem
1216 3085 1425 3166 Myrleanum,
1449 3083 1561 3149 Archi·

336 3191 477 3272 lechum,
517 3191 780 3274 Eratosthenem,
821 3191 1007 3256 Callimachi
1044 3193 1292 3274 epigrammata,
1332 3190 1560 3270 Ptolemaeum,

337 3299 474 3381 denique
497 3299 721 3380 Apollonidem
744 3296 1020 3381 Nicaeensem¹³³)
1044 3298 1219 3364 advocavit.
1264 3297 1429 3363 Accedunt
1451 3298 1561 3362 homo·

336 3405 437 3485 nymi:
463 3409 528 3467 uui
550 3402 666 3468 ἄλλοι
691 3403 732 3467 δὲ
754 3406 901 3470 πολλοὶ
923 3402 1096 3485 γεγόνασιν
1110 3406 1242 3491 ”separor
1263 3405 1381 3490 ἄνδρες
1396 3403 1561 3486 ἐλλόγιμοι

336 3509 573 3598 ὶστοριογράφοι

380 3614 483 3704 ὥσπερ
497 3616 514 3682 ὁ
527 3619 709 3694 Κνίδιος,
726 3613 762 3683 οὗ
776 3621 931 3704 φέρονται
943 3615 1149 3701 Alyvnnand
1163 3617 1306 3704 ἱστορικά
1316 3617 1560 3704 συγγράμματα·
1626 3699 1629 3706 γ

336 3849 408 3904 vitae
427 3849 497 3903 haec
516 3849 671 3904 subiunxit:
691 3853 776 3902 ‘Duos
798 3853 968 3902 Terentius
981 3859 1072 3916 poetes
1082 3853 1174 3919 fuisse
1191 3855 1281 3902 scribit
1292 3854 1428 3910 Metius,
1447 3868 1558 3915 quorum

336 3945 405 3992 alter
423 3943 603 4006 Fregellanus
612 3943 705 4008 suerit
726 3942 863 3990 Terentius
880 3941 957 4001 Libo,
975 3945 1044 3990 alter
1062 3944 1199 3990 labertinus
1221 3943 1357 3992 Terentius
1375 3942 1445 4009 Afer
1458 3943 1558 4005 patrue,

334 4034 367 4081 de
384 4049 434 4097 quo
452 4049 522 4082 nunc
540 4029 687 4097 loquantur).

408 4117 459 4186 ¹⁵³]
473 4120 666 4184 Ἀπολλωνίδης
685 4115 842 4187 ὁΚηφεύς
861 4117 920 4172 cod.
939 4117 1095 4172 emendavit
1114 4116 1254 4171 Bentleius
1272 4114 1307 4168 cf.
1322 4116 1431 4170 Bentlei
1448 4116 1557 4170 Phalsr.

335 4224 362 4275 p.
381 4209 414 4262 71
435 4205 556 4276 [Lipsiae
578 4207 666 4276 18311.
703 4207 831 4260 Ceterum
857 4222 918 4260 cum
942 4206 1053 4260 scholiis
1075 4206 1132 4262 vita
1153 4207 1256 4261 Aratea
1279 4221 1334 4259 non
1357 4205 1397 4260 ita
1419 4205 1557 4276 cohaeret,

336 4301 367 4348 ut
385 4295 476 4349 dirimi
494 4300 621 4362 nequeat.
657 4295 702 4348 Ex
720 4311 779 4349 mea
803 4295 939 4350 sententia
957 4295 986 4349 in
1009 4295 1113 4350 scholia
1137 4295 1223 4350 inlata
1241 4301 1291 4349 est.
1328 4293 1403 4361 Quae
1423 4301 1557 4362 quatenus

335 4383 395 4437 iure
414 4383 447 4440 ad
467 4384 605 4440 Tbeonenn
623 4383 779 4438 referantur
796 4384 918 4440 nondrun
935 4389 1050 4438 constat.
