3516 5272
341 501 382 564 82

338 677 466 743 duxisse
490 677 654 759 originem.
695 674 762 741 Nec
785 673 923 759 effugere
947 681 1077 758 poterat
1093 695 1215 742 summa
1232 674 1354 742 Laertii
1371 675 1557 759 similitudo,

338 786 400 850 etsi
422 786 446 849 ii
469 785 524 866 qui
547 802 587 848 ex
605 784 747 865 Diogene
764 784 837 848 illas
853 782 1006 850 conflatas
1022 789 1138 866 putant
1151 789 1220 848 toto
1245 784 1334 848 caelo
1358 792 1556 851 erraverunt.

338 890 491 956 Genera
514 892 585 957 duo
610 891 892 973 distinguenda
915 896 1012 956 sunt.

426 998 486 1075 Qui
518 999 602 1062 enim
636 997 709 1062 illas
743 997 851 1078 paullo
884 1001 1039 1065 attentius
1074 1017 1169 1080 quam
1208 997 1302 1078 volgo
1341 999 1424 1063 solet
1458 999 1557 1063 oculis

336 1105 587 1186 perreptaverit,
623 1105 983 1172 Pseudoammonianam
1015 1106 1070 1190 [A]
1108 1111 1141 1171 et
1171 1105 1367 1170 Marcianum
1396 1104 1464 1189 [B]
1484 1125 1556 1171 oon·

336 1213 448 1294 iunget
470 1213 610 1293 itemque
633 1212 838 1279 Laertianam
862 1214 1172 1296 Hesychianamque,
1203 1212 1251 1276 ita
1278 1217 1386 1276 tanuen
1413 1218 1450 1277 ut
1472 1213 1557 1278 inter

337 1337 370 1383 se
405 1319 478 1384 illas
513 1337 588 1384 usas
623 1337 694 1384 esse
728 1321 909 1401 praefracte
943 1326 1048 1403 neget.
1101 1320 1143 1384 Et
1170 1319 1249 1384 illud
1278 1320 1406 1400 quidem
1434 1339 1493 1402 per
1522 1339 1556 1386 se

335 1430 435 1506 patet.
475 1426 557 1490 Nam
581 1446 618 1491 eo
641 1428 708 1493 vita
731 1429 915 1494 Aristotelis
939 1430 967 1494 A
990 1433 1023 1493 et
1046 1428 1072 1492 B
1095 1427 1240 1506 tendunt,
1266 1431 1302 1491 ut
1325 1432 1359 1491 et
1381 1428 1556 1493 institutio-

336 1552 407 1598 nem
438 1553 475 1598 ex
503 1534 707 1616 philosophia
741 1542 892 1616 repetant
926 1542 960 1600 et
993 1539 1136 1616 pugnent
1165 1541 1277 1598 contra
1312 1552 1366 1598 eos
1402 1535 1454 1616 qui
1484 1534 1555 1598 Pla-

334 1646 442 1705 tonem
471 1647 504 1705 et
531 1643 738 1709 Aristotelem
771 1644 912 1708 aemulos
945 1644 1029 1707 inter
1058 1662 1093 1708 sc
1127 1647 1161 1706 et
1194 1641 1331 1707 offensos
1363 1642 1557 1706 contendant

335 1747 444 1815 luisse.
490 1749 538 1814 De
562 1754 698 1833 utroque
720 1750 801 1815 nihil
824 1769 883 1815 nec
918 1751 1002 1831 apud
1030 1750 1193 1814 Laertium
1220 1767 1324 1830 neque
1347 1748 1432 1830 apud
1455 1748 1555 1831 Hesy-

335 1855 439 1920 chium
480 1858 624 1938 quamvis
658 1857 691 1920 in
725 1876 831 1921 rerum
865 1858 1051 1921 narratione
1090 1857 1271 1922 concordes.
1340 1856 1556 1938 Archetypum

334 1961 433 2044 igitur
467 1969 504 2028 ut
538 1963 585 2027 ita
615 1963 718 2028 dicam
754 1964 858 2045 illum,
893 1982 987 2047 quem
1021 1962 1169 2028 Laertius
1203 1968 1237 2028 et
1268 1963 1447 2044 Hesychius
1482 1962 1556 2026 reli-

334 2067 422 2148 giose
450 2069 663 2151 descripsere,
694 2071 722 2134 A
746 2076 779 2136 et
802 2072 828 2136 B
852 2071 894 2136 ad
923 2071 1226 2153 Neoplatonicorum
1255 2087 1375 2134 morem
1404 2069 1556 2134 exhibent

334 2181 571 2241 commutatum.

423 2303 450 2347 a.
476 2284 575 2348 Plane
591 2285 675 2349 idem
699 2303 797 2366 supra
813 2285 852 2348 de
876 2284 1150 2367 Olympiodori
1172 2286 1240 2350 vita
1254 2284 1399 2348 Platonis
1423 2290 1457 2349 et
1470 2285 1554 2349 Ano-

331 2389 417 2469 nymi
442 2390 648 2456 decrevimus.
863 2385 864 2388 '

420 2497 449 2560 h.
475 2499 587 2563 Altera
615 2517 685 2563 cum
714 2498 989 2580 Olympiodoro
1018 2499 1142 2563 accedit
1170 2497 1354 2563 similitudo.
1401 2497 1554 2562 Aristidis

332 2604 471 2668 rhetoris
495 2606 527 2669 in
551 2606 695 2670 Platonis
717 2607 890 2671 maledicta
912 2606 1008 2670 bilem
1025 2604 1251 2688 Olympiodoro
1275 2607 1355 2670 adeo
1378 2610 1552 2683 moverant,

331 2715 368 2774 ut
399 2711 475 2774 data
506 2713 671 2778 occasione
700 2719 733 2778 et
760 2714 793 2778 in
823 2715 890 2778 vita
918 2713 990 2794 ipsa
1018 2718 1051 2777 et
1079 2713 1111 2776 in
1141 2713 1367 2777 commentario
1392 2711 1554 2791 Gorgiauo

334 2836 405 2882 eum
434 2819 639 2884 acerbissime
667 2821 879 2902 impugnaret.
933 2819 1044 2900 Neque
1074 2819 1169 2883 aliter
1198 2820 1347 2883 cordatus
1370 2817 1554 2882 Aristotelis

332 2924 528 3006 biographus
553 2925 594 3011 [A
618 2933 651 2990 et
664 2926 705 3011 B]
728 2927 870 3008 loquitur
895 2926 1025 3010 [sequar
1042 2923 1238 2990 Marcionem
1261 2931 1298 2989 ut
1317 2925 1553 3006 diligentiorem

331 3033 399 3112 p.3
424 3033 550 3113 Robhe3
581 3034 709 3100 brevius
732 3033 1090 3116 Pseudcammoniana]:
1116 3029 1182 3098 ‘oria
1205 3035 1269 3117 ἄρα
1293 3028 1554 3120 ἀνῳκοδόμησεν

327 3133 391 3224 Ἀρ.
416 3139 534 3222 σχολὴν
558 3139 603 3204 ἔτι
628 3141 742 3216 ζῶντος
765 3141 799 3204 τό
824 3138 972 3221 Λύκειον,
997 3139 1039 3215 ὥς
1057 3137 1275 3226 Ἀριστόξενος
1298 3140 1423 3225 πρῶτος
1446 3133 1553 3202 &coro-

332 3242 476 3331 φάντησε
499 3246 555 3310 καὶ
572 3244 864 3335 Ἀριστείδηθθ)
887 3245 1021 3333 ὕστερον
1041 3243 1284 3331 ἢκολυύθησεν’.

331 3381 334 3388 ·
421 3371 446 3418 6.
472 3353 645 3436 *Singulari
690 3355 770 3419 mihi
808 3354 925 3435 obtigit
962 3353 1105 3435 fortuna,
1151 3359 1187 3418 ut
1225 3354 1400 3418 invenirem
1438 3369 1553 3432 reapse

333 3458 652 3542 Olympiodcrum
680 3463 713 3525 in
745 3462 856 3526 eodem
884 3463 1112 3527 commentario
1142 3461 1304 3542 Gorgiano
1334 3459 1451 3543 [Iahnii
1479 3477 1550 3522 ann.

333 3567 436 3648 suppl.
455 3568 529 3633 XIV
545 3589 575 3650 p.
594 3569 658 3632 394
675 3567 736 3651 sq]
762 3569 857 3633 etiam
874 3569 1082 3634 Aristotelem
1107 3573 1218 3633 contra.
1238 3567 1390 3632 Aristidis
1413 3567 1552 3646 impetus

333 3680 486 3739 tuentem.
534 3677 639 3758 Atque
672 3677 751 3740 adeo
783 3695 851 3740 rem
882 3683 918 3740 ut
946 3677 1129 3757 praecidam
1158 3675 1299 3739 iisdem
1323 3679 1431 3738 tuetur
1455 3673 1552 3736 armis

333 3787 370 3846 ut
392 3781 589 3864 biographus
613 3782 668 3846 ille
691 3783 873 3848 Marcianus
898 3782 962 3868 [Α].
1004 3783 1052 3847 Ne
1075 3784 1177 3864 plura,
1203 3781 1347 3847 conferas
1371 3787 1551 3860 utrumque,

333 3889 455 3956 ridebis
479 3891 563 3972 ipse:

405 4173 443 4243 9⁰)
461 4173 555 4229 Rohbe
575 4182 606 4230 ut
623 4194 650 4246 p.
669 4176 703 4228 24
721 4188 864 4241 perperam
888 4172 1006 4226 coniecit
1024 4173 1215 4243 ‘’Aproronliys',
1240 4172 1318 4228 cuius
1342 4172 1376 4227 de
1395 4169 1552 4225 Aristotelis

334 4263 392 4317 rita
409 4267 540 4332 excerpta
566 4263 679 4317 exhibet
706 4263 844 4318 Eusebius
870 4279 962 4331 praep.
990 4278 1085 4333 evang.
1104 4264 1168 4332 XV,
1195 4263 1236 4318 ita
1263 4263 1370 4317 omniuo
1398 4260 1466 4314 nihil
1494 4260 1551 4328 ipse

334 4354 486 4423 praestitit3
504 4368 531 4422 p.
550 4355 583 4408 36
603 4353 710 4422 ineptit.
