3516 5272
1383 483 1425 550 4e

208 667 292 732 enim
319 665 467 731 lubenter
495 664 631 746 largior,
659 662 743 727 hunc
770 661 889 742 locum,
915 662 942 726 si
965 661 1073 726 solus
1097 679 1164 742 per
1187 679 1229 725 se
1253 663 1425 742 spectetur,

207 774 309 839 videri
338 773 525 838 enodatum:
550 776 584 836 at
606 771 639 835 in
662 788 755 835 usum
779 774 811 834 et
835 755 1095 834 consuetudinem
1118 767 1284 848 scriptoris
1307 767 1428 832 insinu-

208 881 324 946 andum
348 886 406 945 est.
453 877 496 945 nt
519 879 686 944 observavi
713 877 799 959 apud
823 863 961 942 seriores
990 874 1215 956 compilatores
1243 867 1336 949 οὗτος
1362 891 1427 938 non

208 987 301 1053 modo
325 987 366 1052 ad
389 987 583 1052 anteriorem
606 984 764 1067 quendam
787 982 965 1064 proximum
986 985 1142 1062 spectare,
1167 980 1224 1044 sed
1240 980 1427 1062 saepissime

209 1096 256 1160 ad
278 1113 360 1159 eum
383 1095 428 1159 de
452 1113 526 1176 quo
549 1111 624 1158 uno
649 1109 796 1174 quoque
820 1091 951 1172 agitur
974 1084 1163 1169 capitc⁴²).
1195 1087 1282 1164 Quae
1299 1086 1428 1169 quidem

207 1203 259 1267 lex
305 1199 479 1282 efflagitat,
524 1204 561 1265 ut
604 1203 714 1280 spreta
751 1196 1020 1279 interpretatione
1057 1194 1290 1259 Nietnscheana
1330 1192 1429 1258 verba

201 1305 437 1393 Ἐρατοσθένης
454 1305 491 1370 δέ
506 1324 590 1392 φησι,
614 1301 702 1368 καθό
726 1310 780 1368 καὶ
798 1306 1030 1387 Φαβωρῖνος
1044 1303 1272 1387 παρατίθεται,
1290 1299 1428 1365 τοῦτον

208 1417 295 1478 εἶναι
328 1411 387 1479 τόν
420 1419 548 1498 πρῶτον
581 1397 733 1493 ἓντέχνως
766 1407 990 1475 πυκτεύσαντα
1025 1407 1088 1473 κτλ.
1127 1408 1168 1472 ad
1202 1406 1428 1489 philosophum

207 1518 399 1600 referantur,
425 1521 575 1603 quoniam
598 1518 637 1583 de
661 1537 698 1584 eo
723 1519 829 1598 agitur
851 1522 922 1582 toto
946 1516 1060 1597 capite,
1084 1534 1148 1580 non
1171 1515 1247 1596 quia
1269 1515 1302 1579 in
1320 1515 1428 1596 priore

208 1626 348 1692 indiculo
371 1627 503 1692 ultimus
527 1629 704 1707 comparet:
729 1624 781 1690 hic
805 1626 889 1690 enim
912 1623 1046 1689 fortuito
1071 1622 1177 1688 evenit
1200 1639 1381 1686 consensus.

296 1733 417 1798 Dubito
442 1734 538 1798 etiam
562 1733 601 1798 de
624 1733 837 1798 Eudonorumv
851 1730 1127 1814 Archytarumque
1150 1728 1315 1811 catalogis.

296 1840 373 1906 vul
396 1842 437 1905 82
461 1839 617 1919 Γεγόνασι
640 1839 675 1903 δὲ
691 1835 873 1924 Ἀρχῦται
895 1842 1056 1922 τέσσαρες·

296 1949 423 2030 πρῶτος
445 1943 541 2022 αὐτὸς
565 1941 672 2021 οὗτος·

297 2053 440 2141 δεότερος
461 2054 683 2139 Μυτιληναῖος
705 2050 867 2136 μουσικός·

297 2164 397 2246 τρίτος
420 2159 495 2248 περί
516 2163 671 2245 γεωργίας
693 2157 937 2245 συγγεγραφώς·

295 2270 444 2352 τέταρτος
466 2263 799 2352 ἐπιγραμματοποιός·

296 2370 376 2439 ἔνιοι
387 2379 444 2438 καί
454 2377 602 2458 πέμπτον
613 2369 826 2459 ἀρχιτέκτονα
838 2389 940 2458 φασιν
952 2367 990 2438 οὗ
1003 2377 1133 2462 φέρεται
1144 2373 1272 2458 βιβλίον
1283 2374 1357 2456 περὶ
1370 2394 1428 2454 μη·

208 2482 307 2564 χανής
316 2476 422 2567 ἀρχήν
434 2479 507 2562 ἔχον
518 2478 651 2567 ταύτην·
669 2478 757 2546 ‘crida
768 2481 858 2566 παροί
869 2478 1007 2566 Τεύκρου
1019 2480 1241 2568 Καρχηδονίου
1253 2476 1426 2565 διήκουσαῖ

295 2587 373 2653 VIII
396 2589 439 2653 90
462 2585 618 2666 Γεγόνασι
641 2587 677 2651 δὲ
698 2587 874 2664 Εὔδοξοι
895 2595 992 2672 τρεῖς·

295 2689 394 2769 αὐτὸς
416 2689 523 2770 οὗτος·

296 2805 404 2888 ἕτερος
421 2798 543 2878 Ῥόδιος
567 2797 707 2889 ἲστορίας
729 2800 975 2888 συγγεγραφώς·

296 2912 399 2995 τρίτος
420 2908 608 2994 Σικελιώτης
630 2917 709 2985 παῖς
724 2905 967 2988 Ἀγαθοκλέους
988 2905 1121 2993 ποιητής
1148 2906 1318 2992 κωμῳδίας
1338 2909 1428 2979 νίκας

208 3014 290 3082 teda
313 3012 445 3092 ἀστικὰς
467 3019 526 3099 μίν
548 3027 642 3102 τρείς,
666 3015 832 3103 Ληναίκός
854 3016 892 3080 δὲ
914 3019 1018 3099 πέντε,
1042 3013 1135 3078 καθυί
1159 3029 1255 3099 φησιν
1270 3009 1429 3078 Ἀπολλό-

208 3122 309 3211 δωρος
331 3123 368 3188 ἓν
389 3127 571 3210 Χρονικοῖς·

297 3229 485 3316 εὑρίσκομεν
508 3231 544 3295 δὲ
566 3231 621 3294 καί
640 3229 745 3294 ἄλλον
763 3227 875 3317 ἰατρόν
884 3229 1018 3294 Κνίδιον
1033 3228 1106 3313 περὶ
1122 3223 1159 3293 οὗ
1177 3244 1276 3314 φησιν
1286 3228 1428 3308 Εὔδοξος

271 3407 318 3479 ³²²]
334 3408 391 3464 Res
409 3405 490 3460 facile
508 3406 665 3476 dispicitur:
685 3405 733 3484 IX,
752 3408 777 3475 5,
798 3407 830 3462 25
850 3405 945 3472 Ζήνων
960 3404 1092 3472 Ἐλεάτης·
1118 3406 1210 3461 τοῦτον
1224 3405 1428 3461 Ἀπολλόδω-

209 3495 265 3566 ρός
284 3509 365 3564 φησιν
383 3495 454 3547 εἶναι
472 3495 501 3546 ἐν
517 3498 655 3563 χρονικοῖς
674 3491 752 3562 φύσει
770 3493 822 3563 μὲν
842 3489 1033 3563 Τελευταγόρου
1056 3494 1130 3546 θέσει
1151 3492 1180 3545 δὲ
1198 3492 1428 3564 Παρμενίδου·

209 3580 284 3650 περί
302 3575 419 3632 κου’του
439 3576 508 3647 [scil.
527 3577 560 3630 de
579 3577 701 3646 Zenone]
723 3577 768 3630 καί
786 3580 919 3632 Μελίσσου
935 3583 1027 3650 Τίμων
1046 3577 1217 3646 panitariam.
1242 3575 1375 3632 Crederes
1393 3579 1427 3634 de

210 3662 373 3720 Parmenide
386 3661 486 3717 dixisse
501 3661 649 3718 Timonem.
678 3662 719 3718 lb.
734 3664 767 3716 29
786 3659 827 3716 ὅτι
838 3664 867 3716 δὲ
881 3663 1007 3735 γεγόνασι
1019 3662 1140 3728 Ζήνωνες
1151 3661 1220 3715 ὀκτώ
1233 3665 1261 3716 ἐν
1273 3664 1309 3734 τῷ
1321 3671 1429 3719 Κιτιεῖ

212 3750 349 3820 [Zenone]
377 3749 564 3820 διειλέγμεθα·
595 3747 693 3820 ἤκμαζε
717 3748 747 3800 δι’
770 3741 865 3809 οὗτος
890 3746 959 3818 [scil.
983 3746 1017 3801 de
1041 3762 1095 3815 quo
1125 3746 1216 3814 agitur
1239 3746 1348 3817 Eleate,
1374 3765 1428 3803 non

210 3832 338 3888 Citiensis
357 3833 405 3902 qui
424 3831 544 3902 videtur]
563 3835 617 3887 κτλ.
632 3831 680 3901 ΙΧ,
694 3835 719 3900 9,
732 3833 766 3888 57
787 3831 935 3902 [Diogenes
947 3830 1131 3902 Apolloniata]
1150 3825 1183 3898 ἦν
1201 3833 1230 3884 δὲ
1249 3838 1304 3893 τοῖς
1320 3833 1428 3904 χρόνοις

211 3919 268 3973 κατ’
283 3916 527 3989 Ἀναξαγόραν·
546 3919 663 3972 τοῦτον
684 3917 751 3986 [scii
772 3916 932 3986 Diogenem]
952 3919 1034 3988 φησίν
1047 3913 1060 3969 ό
1074 3915 1210 3987 ψαληρεύς
1228 3917 1427 3990 Δημήτριος...

212 4006 257 4057 δια
275 4007 364 4075 μέγαν
383 4001 489 4072 φθόνον
507 4005 605 4074 μικροῦ
623 4000 797 4057 κινδυνεῦσαν
816 4002 965 4068 Ἀθήνησιν.
1014 4001 1110 4069 Neque
1135 4001 1215 4056 aliter
1237 4001 1305 4055 illud
1328 3999 1429 4064 αὐτὸς

211 4081 304 4148 οὗτος
327 4087 356 4141 in
378 4087 508 4158 catalogis
535 4087 602 4156 ipsis
626 4087 757 4156 explicari
780 4093 885 4157 potest,
910 4087 986 4142 velut
1009 4086 1038 4141 in
1059 4087 1275 4156 Pythagoramm
1298 4086 1428 4156 catalogo.

211 4173 297 4227 Missa
319 4171 443 4240 exempla
465 4178 558 4227 cetera
579 4173 729 4227 innumera.
764 4172 809 4226 Ex
828 4172 912 4228 Snida
933 4187 1015 4227 unum
1038 4171 1191 4226 adscribam
1209 4187 1229 4225 s
1250 4188 1275 4226 v.
1294 4168 1429 4243 Ἠρακλεί·

211 4261 258 4326 διγς
343 4257 416 4320 ὅστις
428 4256 559 4331 Διδόμιμ
577 4260 618 4329 τῷ
637 4255 761 4312 πάνυ..
780 4261 928 4329 ἐφοίτησεν·
946 4249 1041 4317 οὗτος
1062 4255 1246 4326 [Heraclides‚
1266 4271 1319 4310 von
1341 4256 1428 4327 Didy-

210 4344 281 4414 mus]
301 4345 359 4398 ἐπεί
376 4342 604 4414 ἢκουσενῖλιιερος
617 4381 623 4396 .
634 4381 655 4414 .,
674 4347 776 4415 ἔγραψε
802 4348 891 4414 βιβλία
910 4353 935 4415 γ
958 4346 1011 4398 κτλ.
1030 4373 1065 4382 -
1083 4341 1150 4397 Veri
1167 4345 1273 4409 partem
1288 4342 1429 4412 perspexit

211 4428 307 4484 Rohde
329 4429 409 4499 [mus.
427 4429 504 4484 rhen.
522 4428 614 4484 XXVI
634 4429 728 4500 [1871]
749 4445 775 4497 p·
794 4431 846 4486 569
864 4429 911 4499 n.].
