3516 5272
301 493 342 556 76

386 670 568 750 Supersunt
592 668 755 749 adespota-
773 672 823 732 sat
846 667 960 753 multa.
999 668 1112 752 Denuo
1137 657 1239 747 igitur
1261 666 1465 748 accingamur
1489 671 1525 730 ut

299 797 382 844 nova
412 777 621 859 acquirantur
650 776 691 839 ad
718 775 928 840 resecandum
958 791 1056 838 arma.
1111 774 1157 837 Ac
1184 773 1323 854 primum
1349 772 1458 838 Albini
1481 773 1523 856 [o.

303 887 366 950 160
388 904 419 965 p.
446 882 534 966 Chr]
563 881 749 964 philosophi
773 882 940 964 Smyrnaei
971 882 1146 963 εἰσαγωγὴν
1173 882 1218 954 εἰς
1246 879 1319 954 τοὺς
1348 879 1525 953 Πλάτωνος

299 988 472 1068 διαλόγους
498 989 606 1071 placet
629 991 808 1070 adsumere,
832 989 949 1054 deinde
974 989 1070 1054 Gellii
1094 992 1205 1053 noctes
1228 988 1362 1052 Atticas.

694 1199 722 1240 c.
747 1185 791 1240 Ile
810 1183 921 1240 Albino
940 1183 972 1238 et
990 1183 1128 1239 Laertio.

391 1310 511 1376 Contra
535 1329 624 1392 spem
642 1310 825 1391 nuperrime
849 1309 1062 1390 paupertinas
1080 1307 1186 1372 Albini
1207 1309 1361 1390 isagogae
1379 1310 1522 1390 contigit,

299 1423 339 1484 ut
359 1417 515 1500 peculiari
538 1418 619 1482 libro
644 1423 678 1482 et
701 1417 851 1481 ederetur
874 1415 1075 1480 emendatior
1092 1419 1125 1478 ct
1145 1416 1413 1480 commentatione
1435 1433 1525 1496 egre-

300 1526 353 1607 gia
387 1526 624 1589 inlustraretur.
678 1523 793 1588 Confer
827 1522 1070 1588 Freudenthalii
1104 1523 1213 1587 studia
1246 1522 1449 1588 hellenistica
1478 1523 1526 1587 lIl

300 1634 376 1698 ‘Der
400 1633 589 1696 Platoniker
612 1630 746 1697 Albinus
775 1630 842 1694 und
871 1631 928 1694 der
958 1628 1078 1694 lalschc
1103 1629 1266 1694 Alhinoos'
1292 1629 1401 1694 Berlin
1428 1631 1522 1694 1879.

299 1740 435 1805 Possum
470 1738 613 1804 breviter
648 1737 799 1818 supplere
830 1756 912 1819 quae
943 1737 1123 1818 supplenda
1151 1753 1222 1800 esse
1250 1737 1299 1800 vir
1327 1737 1382 1801 ille
1411 1737 1524 1802 doctus

300 1845 502 1928 significavit.
542 1844 678 1910 Albinus
702 1844 786 1908 enim
802 1845 842 1909 de
867 1845 997 1926 scriptis
1013 1843 1159 1907 Platonis
1176 1879 1217 1890 —·
1232 1844 1333 1908 uitam
1357 1844 1466 1908 omisit
1480 1881 1526 1891 -

299 1955 433 2018 meliora
445 1951 575 2017 Laertio
588 1951 742 2015 nonnulla
755 1955 788 2016 et
799 1951 945 2032 pleniora
958 1950 1101 2015 eiusdem
1117 1957 1225 2014 tamen
1239 1949 1363 2014 farinae
1378 1949 1523 2015 tradidit
1569 2001 1574 2014 .

387 2059 528 2124 Paucula
563 2059 597 2122 in
631 2058 814 2123 universum
842 2057 1008 2138 praefatus
1043 2057 1163 2139 dialogi
1198 2055 1416 2122 definitionem
1448 2075 1525 2139 -pro-

299 2167 408 2249 posuit
431 2185 456 2231 e.
482 2165 506 2230 I.

344 2293 370 2338 c.
410 2272 442 2338 ll
464 2272 547 2337 hauc
571 2269 790 2337 definitionem
807 2275 958 2336 accurate
973 2276 1220 2337 commentatur:
1247 2271 1279 2335 id
1302 2271 1381 2335 nihil
1398 2271 1439 2334 ad
1455 2287 1523 2334 nos.

267 2453 268 2456 Ἴ
344 2400 371 2445 c.
394 2380 442 2446 ΙΠ
466 2379 506 2444 ad
530 2384 680 2444 naturam
704 2377 824 2458 dialogi
841 2377 999 2443 Platonici
1022 2380 1228 2461 progreditur
1249 2378 1500 2442 examinandam.

345 2507 370 2552 c.
395 2488 440 2552 IV
464 2505 536 2551 cum
560 2485 626 2550 alia
652 2485 751 2548 habet
779 2489 847 2550 tum
875 2486 959 2550 unde
982 2485 1016 2549 in
1044 2486 1278 2552 enumerandis
1292 2485 1430 2567 dialogis
1453 2480 1525 2548 Pla·

459 2593 545 2658 tonis
570 2591 778 2658 exordiantur
801 2592 913 2656 critici.

388 2701 617 2780 Quaestionem
640 2717 678 2763 eo
694 2699 856 2780 promovit
871 2698 1115 2764 Freudenthalii
1131 2701 1310 2781 diligentia,
1334 2704 1371 2764 ut
1394 2701 1417 2763 I.
1443 2703 1524 2762 tem-

297 2828 358 2890 pus
390 2808 531 2874 auctoris
555 2807 663 2872 Albini
693 2806 876 2870 conlocaret
903 2807 988 2871 inter
1018 2807 1220 2890 Thrasyllum
1249 2812 1283 2871 et
1307 2807 1457 2872 Albinum
1482 2805 1521 2888 [c.

239 2899 241 2903 ⁷
301 2917 363 2980 152
388 2935 419 2996 p.
445 2912 519 2979 Chr.
548 2913 585 2978 cf.
618 2913 814 2977 Freudenth.
844 2933 874 2994 p.
906 2915 969 2978 242
996 2912 1090 3002 sqq.],
1119 2915 1159 2980 ll.
1190 2913 1426 2996 philosophiam
1455 2913 1523 2976 eius

298 3022 474 3087 Platonicis
491 3019 772 3101 Aristotelicisque
795 3020 925 3100 placitis
949 3023 1151 3087 commixtam
1169 3021 1363 3100 ostenderet,
1387 3020 1443 3084 Ill.
1470 3019 1526 3082 de·-

298 3130 395 3210 nique
419 3128 555 3192 eundem
584 3127 682 3192 etiam
710 3127 774 3192 alia
796 3128 986 3208 praebuisse
1009 3130 1140 3196 Laertio
1170 3130 1392 3194 arbitraretur.
1442 3123 1523 3191 Gon-

297 3236 431 3302 veniunt
457 3234 537 3298 haec
564 3234 597 3298 in
627 3234 830 3299 Favorinum.
879 3235 949 3316 Qui,
982 3241 1018 3300 ut
1052 3238 1178 3300 mittam
1214 3241 1338 3314 cetera,
1364 3231 1523 3315 Thrasylli

298 3341 375 3407 fecit
403 3342 528 3422 copiam
557 3341 703 3420 Laertio,
728 3340 873 3405 Platonis
904 3346 937 3405 et
964 3342 1150 3407 Aristotelis
1179 3343 1269 3406 iuxta
1300 3345 1442 3408 sectator
1469 3339 1521 3424 [cf.

299 3448 422 3514 Gellius
445 3448 532 3528 XXI,
559 3451 587 3528 1,
613 3450 643 3514 9.
691 3448 825 3512 Matres.
850 3467 881 3529 p.
908 3448 950 3512 54
974 3448 1068 3533 sqq.].
1120 3449 1307 3514 Exscribam
1335 3467 1418 3530 quae
1450 3466 1524 3512 con·-

299 3556 446 3621 condant:

431 3729 559 3786 Laertius
578 3729 671 3787 11156
691 3747 750 3798 sqq.
876 3811 879 3818 Ι
909 3729 913 3820 l
939 3731 1056 3787 Albinus
1065 3747 1092 3799 p.
1106 3733 1194 3799 mas
1215 3729 1324 3799 [Freud.
1337 3747 1364 3798 p.
1375 3732 1426 3786 258
1440 3729 1511 3802 sqq]

300 3876 506 3966 Θράσυλος
537 3877 577 3944 δέ
606 3894 684 3962 φησι
714 3876 770 3940 καὶ
801 3877 884 3940 κατὰ
940 3878 1020 3940 εἰσὶ
1049 3877 1092 3941 δὲ
1120 3876 1158 3941 oi
1180 3875 1236 3940 καὶ
1264 3875 1347 3940 κατὰ
1375 3876 1523 3964 τετραλο-

299 3989 360 4071 τὴν
382 3983 536 4073 τραγικήν
551 3984 762 4070 τετραλογίαν
779 3982 886 4048 dudod—
939 3988 1016 4061 yiav
1043 3981 1201 4058 διελόντος
1230 3978 1348 4056 αὐτούς
1370 3980 1426 4045 καὶ
1451 3982 1524 4045 τοίτ-

300 4118 356 4159 ναυ
379 4087 482 4157 αὐτὸν
505 4092 581 4166 τούς
603 4085 785 4171 διαλόγους.
803 4142 810 4157 .
825 4140 832 4153 .
847 4099 874 4154 .“
939 4105 1030 4157 τουσι
1068 4089 1198 4177 πρώτην
1236 4115 1262 4156 τ.
1311 4094 1523 4175 περιέχουσαν

299 4201 347 4266 ΙΠ
364 4199 404 4263 57
429 4195 558 4284 πρώτην
580 4197 642 4281 μὲν
658 4194 716 4262 οὖν
738 4196 884 4280 τετραλο·
939 4200 996 4264 τὸν
1018 4197 1219 4283 eaelatura
1243 4198 1299 4261 καί
1322 4194 1380 4280 τὴν
1403 4192 1524 4260 ἀπολο-

299 4312 377 4386 γίαν
390 4311 500 4391 τίθησι
518 4302 577 4389 τὴν
592 4306 706 4388 κοινήν
721 4303 886 4371 ὑπόθεσιν
939 4310 1014 4384 γίαν
1041 4304 1097 4368 καὶ
1127 4302 1185 4369 τὸν
1208 4309 1355 4390 Κρίτωνα
1385 4299 1440 4365 καὶ
1466 4301 1523 4364 τὸν

301 4415 533 4498 ἐῇρουσαν...58
546 4410 663 4497 ταύτης
671 4410 707 4476 δὲ
715 4415 771 4499 τῆς
779 4434 894 4499 verpa.
939 4413 1098 4478 Φαίδωνα
1199 4413 1315 4498 ταύτης
1344 4415 1397 4494 τῆς
1426 4408 1523 4494 δόξης
