3516 5272
370 451 413 514 28

415 629 560 709 τέταρτος
584 619 623 689 ού
646 628 801 707 μέμνηται
826 621 945 708 Δοῦρις
969 619 1005 685 ἐν
1026 625 1073 706 uqi
1095 619 1167 705 περὶ
1190 619 1382 708 ζωγράφων·

414 735 558 816 πέμπτος
579 729 731 815 νεώτερος
754 728 871 808 ἄδοξος
895 722 933 793 ού
956 723 1149 812 μνημονεύει
1166 725 1338 802 Διονύσιος
1361 728 1398 794 ἐν
1419 732 1592 815 Κριτικοῖς.

458 839 579 905 Fallaci
602 839 717 904 indicis
741 837 847 918 specie
871 835 1079 900 Nietzscheus
1103 835 1256 916 deceptus
1285 840 1344 902 ost.
1391 836 1434 901 At
1461 854 1531 900 oum
1561 842 1595 900 et

369 949 515 1030 Dionysii
538 945 816 1012 Halicomaseusis
842 939 993 1027 ’ἀρχαίων
1019 943 1129 1026 κρίσις
1152 940 1205 1024 [cl.
1229 962 1260 1024 p.
1278 943 1335 1026 31]
1360 944 1401 1007 ad
1425 943 1593 1010 Thaletum

368 1056 515 1138 quintum
550 1054 707 1119 excitetur
742 1056 775 1116 et
809 1050 966 1116 secundus
1001 1054 1199 1131 quartusque
1233 1049 1354 1115 fuerint
1386 1050 1527 1131 pictores
1552 1087 1590 1096 -

368 1163 509 1243 pictores
532 1161 616 1224 enim
639 1159 702 1224 nisi
725 1159 780 1240 qui
796 1158 917 1238 scripta
933 1156 1140 1238 reliquissent
1154 1175 1217 1221 non
1233 1159 1396 1222 recensuit
1409 1158 1593 1223 Demetrius

368 1306 412 1316 -
437 1268 573 1349 adparet
601 1267 634 1331 in
661 1265 768 1331 verbis
795 1262 948 1344 γεγόνασι
976 1263 1014 1327 δὲ
1036 1262 1091 1326 καί
1113 1262 1211 1327 ἄλλοι
1238 1263 1361 1340 Datur,
1394 1265 1490 1327 καθά
1518 1279 1594 1350 φησι

370 1372 549 1460 Δημήτριος
571 1371 589 1437 ὁ
613 1371 751 1457 Μάγνης
771 1370 808 1435 ἐν
830 1383 897 1445 τοϊς
920 1368 1113 1454 ὁμωνύμως,
1137 1373 1234 1434 πέντε
1256 1371 1360 1435 latere
1376 1371 1497 1436 vitium.
1544 1372 1593 1436 De

368 1500 431 1562 quo
466 1481 537 1561 ipso
571 1480 726 1561 quidquid
760 1475 978 1562 statuitur²⁴)‚
1015 1482 1102 1543 certe
1136 1494 1200 1541 non
1235 1494 1254 1541 a
1282 1477 1446 1542 Demetrio
1482 1478 1539 1542 sed
1573 1497 1594 1542 a

369 1588 525 1668 scriptore
563 1585 634 1670 περὶ
672 1583 855 1669 ὁμωνύμων
891 1585 1057 1650 Demetrio
1096 1588 1130 1648 et
1167 1583 1321 1667 Dionysio
1363 1583 1592 1668 posteriore²⁵l

368 1694 515 1776 quintum
539 1693 705 1758 Thaletem
732 1692 883 1776 [ideoque
914 1691 1012 1756 etiam
1039 1691 1213 1756 secundum
1241 1695 1275 1757 et
1301 1692 1464 1775 quartum]
1488 1697 1592 1758 mutu·

368 1804 440 1865 atus
465 1804 523 1865 est.

456 1909 485 1971 4.
511 1906 705 1972 latravimus
734 1906 767 1971 in
797 1905 996 1988 quaestionis
1027 1923 1195 1985 summam,
1227 1921 1310 1986 quae
1338 1905 1373 1968 in
1395 1906 1591 1988 explorando

367 2015 507 2080 indicum
530 2018 675 2094 temporo
698 2009 859 2078 uersatur:
884 2012 945 2077 hoc
969 2013 1053 2078 enim
1076 2016 1265 2094 argumento
1292 2013 1514 2079 adsensionem
1541 2016 1591 2081 uel

366 2122 475 2187 invitis
499 2121 767 2203 extorquebimus.

457 2247 484 2292 a.
509 2227 805 2293 Heraclidarum
832 2225 862 2290 V
886 2225 943 2305 93,
980 2223 1124 2311 δεύτερος
1153 2225 1286 2308 πολίτης
1318 2223 1417 2291 cavoa
1453 2226 1592 2310 [Pontici

366 2335 512 2420 maioris]
542 2333 697 2422 πυρρίχας
728 2337 784 2397 καί
817 2333 979 2419 φλυαρίας
1013 2337 1273 2417 συντεταγμένος.
1326 2334 1487 2420 Πορρίχας
1512 2333 1593 2399 nihil

368 2462 453 2522 curo,
478 2441 638 2528 φίοαρίαι
661 2441 737 2524 quid
753 2439 814 2506 sibi
829 2441 929 2506 velint
944 2459 1074 2523 quaero.
1115 2439 1193 2506 Cum
1217 2441 1301 2506 enim
1324 2441 1410 2507 haud
1433 2459 1507 2508 roro
1528 2460 1591 2506 non

367 2567 500 2630 operum
526 2547 639 2613 titulos
663 2548 719 2613 sed
748 2551 937 2630 argumenta
965 2548 1104 2630 scriptor
1125 2548 1265 2614 indicum
1288 2550 1501 2631 perstringat,
1526 2549 1591 2614 He-

366 2655 496 2719 raclidis
519 2655 635 2719 librum
659 2655 723 2719 alio
747 2655 884 2737 quodam
904 2655 1092 2737 insignitum
1106 2655 1202 2721 titulo
1219 2654 1380 2740 φλυαρίας
1396 2656 1590 2721 continuisse

367 2777 490 2826 censeo.
544 2759 761 2826 Conferendus
792 2765 842 2825 est
868 2761 1116 2842 Xenophontum
1143 2761 1176 2826 Π
1205 2763 1246 2825 59
1276 2765 1422 2844 πέμπτος
1451 2761 1591 2848 μυθώδη

366 2871 534 2954 τερατείαν
573 2869 893 2952 πεπραγματευμένος
936 2865 1017 2949 [scil.
1057 2867 1322 2952 Lampsacenus];
1368 2869 1482 2934 titulus
1520 2873 1592 2934 erat

365 2974 517 3060 περίπλοι
540 2973 801 3058 [Seheuerleerus
824 2993 855 3055 p.
875 2972 962 3055 102]‚
986 2990 1039 3038 res
1063 2979 1232 3039 enarratae
1253 2972 1412 3060 μυθώδης
1434 2979 1588 3060 τερατεία.

365 3082 477 3163 Neque
501 3079 596 3146 aliter
618 3080 770 3164 Polybius
793 3079 969 3144 identidem
997 3080 1141 3162 queritur
1170 3080 1210 3146 de
1234 3081 1355 3146 Timaei
1383 3082 1591 3147 historiarum

440 3291 478 3362 24)
496 3291 588 3347 Ροεείε
607 3293 691 3347 verba
709 3289 785 3346 καθὰ
799 3322 833 3330 -
847 3287 1003 3362 ὁμωνύμως
1021 3289 1056 3343 od
1076 3289 1193 3358 primum
1214 3290 1258 3345 vel
1275 3290 1388 3345 tortium
1412 3295 1591 3360 haneponere

366 3383 448 3438 uelle:
469 3381 502 3438 de
521 3380 622 3437 ceteris
641 3380 713 3436 enim
731 3396 787 3434 uon
805 3379 911 3434 licitum
930 3383 974 3434 est
993 3377 1123 3446 cogitare.
1161 3379 1206 3434 An
1224 3379 1318 3448 spurio
1337 3380 1419 3434 suut?
1438 3411 1471 3420 -

440 3469 477 3540 25)
495 3470 601 3526 Eodem
620 3469 677 3524 soil.
696 3469 741 3524 oui
755 3467 880 3522 ultimum
899 3468 983 3523 debet
995 3467 1178 3538 Pythagoram
1198 3467 1243 3539 [ci.
1257 3485 1284 3538 p.
1304 3468 1350 3539 31]
1370 3476 1399 3523 et
1411 3470 1466 3525 x4
1485 3468 1544 3524 init.
1556 3500 1589 3510 -

367 3559 493 3613 Ceterum
511 3559 540 3612 in
559 3558 704 3613 Thaletum
723 3557 813 3612 indice
832 3556 902 3610 aliae
920 3555 1008 3610 inesse
1028 3555 1157 3611 videntur
1175 3555 1359 3611 difficultates.
1388 3556 1504 3626 Scripsit
1522 3557 1590 3611 mihi

365 3648 600 3703 Wilamowitzius:
620 3651 710 3699 ‘Sollte
719 3651 746 3698 in
755 3651 813 3698 dem
823 3645 1084 3714 Thalesverzeiclmiss
1093 3649 1164 3697 nz'cltt
1171 3649 1228 3697 eine
1233 3647 1325 3714 groſse
1333 3651 1506 3714 verwz'rrung
1515 3651 1593 3700 serit?

437 3741 496 3789 Der
514 3741 600 3789 maler
617 3741 675 3788 und
691 3740 739 3787 der
757 3753 807 3786 von
826 3736 914 3786 Duris
932 3738 959 3785 in
982 3739 1040 3786 dem
1062 3738 1213 3787 malerbuch
1231 3739 1364 3787 ενωᾶίιαέε
1382 3739 1443 3786 subd
1459 3739 1523 3788 doch
1540 3741 1592 3788 wol

364 3832 500 3880 dz'eselben.
549 3829 611 3878 Was
633 3830 682 3878 der
701 3827 800 3894 sainste
823 3841 894 3885 war,
921 3827 956 3875 ist
976 3827 1048 3874 μεἐίεέ
1066 3833 1184 3890 γεοαγίς
1209 3829 1311 3876 denken
1334 3829 1432 3878 mdchte
1459 3841 1521 3877 man
1544 3845 1588 3878 am

366 3922 471 3969 lietstm
489 3934 525 3968 an
543 3933 584 3966 no.
604 3916 628 3968 1.
666 3917 699 3966 In
718 3931 759 3964 no.
778 3913 796 3964 4
814 3917 939 3979 dagegen
957 3915 1036 3964 steckt
1052 3916 1094 3964 ein
1111 3917 1243 3980 doppelter
1265 3915 1376 3968 Thales:
1399 3917 1523 3967 Theletus
1540 3919 1589 3968 der

365 4009 476 4067 Kreter,
498 4009 547 4056 der
564 4021 596 4054 τα
614 4005 728 4071 Lyleurg
742 4004 847 4068 gehdrt,
866 4005 923 4052 und
940 4004 989 4052 der
1006 4004 1142 4071 versasser
1160 4005 1209 4052 der
1227 4001 1337 4068 ναυτικὴ
1356 3999 1528 4074 ἀστρολογία,
1546 4007 1588 4055 die

364 4099 416 4145 wel
431 4098 479 4144 mit
494 4099 543 4146 der
560 4095 735 4143 heszbdz'schen
762 4093 1004 4156 zusammenlrdngt,
1024 4090 1175 4158 J‘edensalls
1201 4095 1458 4158 zusammengestellt
1482 4096 1587 4144 werden

366 4180 473 4234 konnte’.
511 4180 585 4248 Quas
609 4179 780 4234 coniecturas
804 4177 852 4247 qui
873 4177 982 4246 probat,
1005 4175 1028 4230 is
1051 4175 1185 4230 Demetrii
1209 4176 1398 4232 testimonium*
1416 4179 1450 4233 ad
1474 4181 1586 4234 tertium

364 4269 507 4324 revocabit
526 4269 676 4336 Thaletem,
696 4266 750 4322 nisi
768 4266 839 4322 forte
858 4265 949 4321 eiciat.
969 4295 1002 4306 -
1021 4264 1165 4333 adparatu
1190 4263 1287 4320 critico
1312 4271 1344 4321 ut
1367 4267 1396 4322 iu
1419 4267 1472 4323 hoo
1495 4267 1585 4323 indice

365 4359 407 4413 uti
424 4357 570 4428 potuerim,
588 4357 623 4412 Η.
641 4356 757 4413 Usenori
774 4353 940 4412 liberalitate
957 4352 1061 4410 lactum
1079 4359 1130 4410 est
