3506 5272
1375 481 1436 545 105

215 662 248 722 11
264 656 463 722 Onesicritus
487 661 520 720 et
535 655 806 737 Philostephanus
823 660 856 720 et
870 655 1042 736 Hegesias3
1067 657 1140 738 ipsa
1155 662 1261 721 autem
1277 658 1439 723 volumina

215 783 254 829 ex
282 763 406 829 diutino
434 763 499 828 situ
529 762 721 844 squalebant
749 767 783 827 et
810 761 922 827 habitu
953 761 1171 845 adspectuque
1198 768 1304 829 taetro
1335 769 1437 830 erant.

214 871 303 936 Emit
315 870 439 936 Gellius
449 870 592 951 legitque
609 869 722 952 cupide
740 874 772 936 et
788 869 871 934 scitu
886 869 982 951 digna
998 870 1160 952 decerpsit
1174 871 1215 936 11
1230 872 1440 953 paupertinas

216 996 290 1042 suas
313 977 433 1043 Noctes
456 976 625 1042 ornandas.

307 1082 462 1150 Crederes
476 1084 614 1150 Gellium
626 1103 736 1149 verum
749 1084 881 1148 dixisse:
897 1088 932 1148 at
943 1084 1146 1166 impudenter
1157 1084 1440 1168 imprudenterque

216 1192 386 1270 mentitur,
418 1191 445 1256 si
476 1191 604 1274 quidem
633 1190 722 1256 nulla
745 1208 816 1255 esse
839 1195 949 1272 potest
972 1191 1131 1256 dubitatio
1155 1191 1232 1272 quin
1257 1210 1295 1256 ex
1317 1192 1439 1257 Plinii

216 1299 255 1363 N.
279 1299 319 1363 H.
344 1298 405 1364 VII
429 1299 536 1361 9—12
567 1298 674 1362 omnia
702 1298 759 1363 illa
788 1297 943 1364 hauserit.
991 1298 1038 1363 Ac
1068 1299 1096 1362 si
1122 1298 1194 1380 quis
1218 1298 1257 1362 11
1280 1299 1441 1364 industria

217 1405 418 1470 commissam
441 1409 565 1471 tantam
594 1405 859 1470 animadverterit
881 1404 1040 1484 fraudem,
1077 1405 1131 1485 qui
1160 1405 1192 1468 in
1224 1424 1259 1468 re
1284 1405 1441 1469 consimili

216 1511 313 1577 fidem
336 1511 469 1576 habebit
484 1513 649 1577 mendaci?
689 1511 861 1579 Consimile
877 1512 957 1577 illud
982 1515 1032 1576 111
1055 1511 1095 1576 11
1112 1513 1282 1594 omnigena
1305 1511 1441 1577 historia

217 1619 407 1686 Gellianum.
465 1619 579 1701 Itaque
613 1624 650 1684 ut
684 1620 849 1686 minimum
884 1637 1060 1698 sumamus
1099 1618 1182 1683 hanc
1220 1620 1441 1700 quaestionem

218 1746 255 1792 eo
286 1725 462 1791 diiudicare
493 1725 613 1807 placet,
643 1731 751 1791 utrum
775 1730 864 1791 certa
895 1725 983 1790 illinc
1012 1730 1163 1807 excerpta
1187 1725 1271 1807 apud
1303 1725 1441 1790 Gellium

217 1834 404 1916 adpareant.
444 1833 604 1914 Adparuit
626 1834 666 1898 11
689 1833 835 1899 Platonis
858 1832 983 1897 malitia
1006 1832 1289 1914 disputatiuncula.
1329 1832 1441 1914 Apage

217 1940 316 2022 igitur
337 1939 434 2005 Gellii
456 1937 566 2004 fidem:
592 1959 655 2005 non
678 1938 820 2004 reddidit
843 1939 1043 2021 omnigenam
1067 1939 1224 2004 hstoriam
1248 1939 1441 2005 aFavorino

217 2046 367 2112 oblatam.
393 2084 436 2092 -
459 2046 542 2111 Num
565 2046 683 2111 obtulit
705 2045 905 2112 Favorinus?
951 2045 1093 2111 Credant
1116 2045 1245 2111 creduli.
1288 2047 1320 2112 si
1344 2066 1441 2112 sum·

217 2173 311 2218 mam
334 2143 594 2218 narratiunculae
624 2153 657 2217 in
688 2172 752 2235 qua
775 2154 876 2219 totius
904 2153 1000 2218 cardo
1028 2154 1165 2219 vertitur
1189 2155 1442 2219 commenticium

217 2261 416 2342 aperuimus,
445 2265 516 2325 tota
539 2261 580 2325 ad
603 2260 737 2326 fabellas
761 2261 956 2326 remittenda
980 2265 1030 2326 est
1053 2266 1086 2326 11
1109 2262 1312 2342 agnoscenda
1334 2262 1442 2343 potius

218 2387 314 2450 quam
349 2371 440 2433 aetas
478 2366 535 2432 illa
569 2368 682 2432 eximie
717 2367 817 2433 coldit
853 2367 1047 2434 iactabunda
1081 2368 1298 2450 simplicitatis
1337 2373 1443 2434 osten-

218 2475 300 2540 tatio
335 2479 369 2539 et
402 2472 616 2540 fraudulenta.
675 2472 720 2538 Ut
754 2478 917 2555 repetam,
961 2493 1025 2540 111
1065 2474 1207 2540 reddidit
1242 2476 1444 2557 omnigenam

217 2582 396 2662 historiam,
422 2581 584 2663 quianon
608 2585 657 2644 est
681 2579 798 2645 oblata.

306 2688 432 2754 Addam
470 2688 535 2753 alia
573 2706 655 2769 quae
689 2687 830 2752 indidem
865 2688 1045 2770 desumpsit
1079 2686 1219 2768 Gellius,
1260 2689 1317 2753 sed
1349 2687 1444 2752 mitto

218 2793 415 2880 incerta¹¹²).

311 2906 339 2967 1.
364 2902 380 2967 Ι
404 2903 422 2966 3
447 2900 504 2985 [=
528 2900 634 2965 Laert.
660 2901 676 2964 I
701 2900 757 2984 71]
785 2901 825 2965 de
849 2898 982 2966 Chilone
1006 2901 1258 2965 Lacedaemonio
1287 2901 1442 2982 exposuit.

219 3013 252 3076 Is
275 3009 482 3076 moribundus
505 3007 586 3073 nihil
610 3025 644 3072 11
669 3007 864 3072 commisisse
888 3007 966 3072 mali
989 3007 1092 3072 fertur
1116 3007 1248 3086 dixisse,
1274 3007 1335 3069 nisi
1361 3007 1446 3087 quod

220 3120 254 3182 in
278 3117 372 3182 amici
395 3134 493 3181 causa
514 3115 620 3194 iudex,
646 3133 716 3179 cum
739 3114 810 3196 ipse
834 3115 1007 3179 secundum
1030 3115 1119 3196 leges
1137 3114 1304 3191 iudicaret,
1329 3113 1446 3177 ceteris

221 3231 258 3289 ut
291 3243 382 3288 reum
416 3221 599 3288 absolveret
632 3221 856 3303 persuasisset.
916 3222 1094 3288 Historiola
1132 3242 1171 3286 ex
1205 3220 1446 3286 historiolarum

222 3332 354 3414 genere!
407 3331 545 3396 Vererer
574 3330 721 3411 equidem
751 3329 791 3393 ad
819 3329 1033 3412 biographum
1061 3329 1184 3394 Laertii
1220 3313 1291 3393 eam
1325 3327 1446 3392 referre

222 3475 264 3484 -
289 3437 401 3519 quidni
424 3437 501 3500 alibi
526 3454 596 3500 eam
618 3436 762 3500 invenire
779 3435 902 3501 Gellius
925 3437 1053 3519 potuit?
1077 3473 1119 3482 -
1143 3436 1206 3501 nisi
1229 3436 1298 3517 ipse
1323 3435 1446 3501 Gellius

223 3550 335 3628 aperte
359 3544 506 3610 dixisset:
532 3541 830 3608 Lacedaemonium
847 3541 1016 3608 Chilonem
1040 3541 1155 3608 ue'ruen
1178 3564 1222 3607 ex
1245 3541 1304 3608 illo
1328 3541 1447 3628 inclyto

223 3672 363 3716 numero
391 3649 578 3736 sapientum
605 3648 767 3734 seriptum
801 3655 850 3714 est
881 3649 920 3714 in
953 3648 1051 3715 libris
1084 3671 1199 3714 eorum
1233 3649 1306 3734 qui
1336 3648 1478 3714 uitusx

224 3779 360 3844 resque
377 3763 516 3841 gestus
537 3757 741 3821 clarorum
764 3754 972 3820 lominum
1000 3754 1215 3820 memoriae
1238 3756 1448 3820 mundave-

225 3869 328 3928 runt
353 3868 413 3928 etc.
464 3864 533 3929 Iam
569 3882 719 3944 compara
753 3881 836 3944 quae
872 3864 910 3928 11
939 3863 1098 3928 Favorino
1134 3862 1197 3929 alio
1232 3862 1301 3927 loco
1336 3860 1448 3945 [supra

224 3971 337 4054 178]
378 3971 508 4052 scripsit
550 3967 635 4055 ‘qui
668 3970 712 4032 de
751 3966 1034 4055 Xenophontis
1064 3966 1330 4052 Platonisque
1364 3966 1447 4031 vitu

225 4083 262 4142 et
296 4074 476 4142 moribus
507 4076 705 4163 pleraque
742 4074 876 4141 omniu
913 4074 1240 4161 exquisitissime
1277 4072 1447 4160 seripse-

226 4189 347 4250 runt’.
1034 4181 1040 4196 '

299 4323 350 4394 l¹⁵³)
368 4323 452 4378 Velut
470 4322 496 4377 V
514 4325 530 4378 3
558 4323 639 4392 [conl.
658 4322 750 4376 Laert.
769 4323 809 4376 IX
827 4325 862 4378 54
880 4327 909 4376 et
926 4321 1027 4390 Apulei
1050 4320 1110 4376 flor.
1129 4337 1152 4376 c.
1171 4321 1276 4392 XVIII]
1299 4322 1333 4377 de
1351 4321 1449 4377 Prota·

228 4428 295 4481 gera
313 4419 341 4467 et
359 4412 488 4481 Euathlo,
506 4413 573 4466 XIX
593 4415 633 4481 ll,
655 4415 668 4467 1
688 4411 811 4467 Platonis
829 4411 1002 4481 epigramma.
