3516 5272
317 511 360 581 80

317 687 463 768 dialogus
494 687 609 753 Leonti
641 687 822 768 adscriptus
851 682 883 774 [ᾗ
912 688 953 752 62
982 691 1068 752 teste
1095 685 1187 752 Nicia
1222 682 1470 774 Nicaeensil⁸³);
1503 705 1541 754 ex

316 796 439 861 incerto
463 795 481 878 ᾗ
505 796 547 860 48
572 795 692 878 dialogi
715 791 933 874 inventor⁸⁴)..

407 903 457 968 Ad
486 901 580 967 huius
609 899 963 983 disputationis'lincm
987 903 1177 982 perventum
1200 905 1259 965 est.
1307 901 1372 966 Res
1396 901 1541 983 disperse

317 1016 349 1075 et
373 1007 486 1074 diffuse
510 1009 614 1074 dictas
638 1009 841 1075 utbreviter
864 1009 1072 1090 complectar:

408 1120 436 1181 1.
461 1116 677 1198 Biographi
705 1116 765 1181 sui
797 1116 918 1182 vitam
947 1115 1128 1180 Platonis
1162 1113 1420 1194 interpositis
1447 1132 1542 1178 non-

205 1253 207 1258 *
316 1224 441 1290 nullis
477 1242 521 1288 ex
550 1224 737 1290 Favorini
772 1220 1194 1304 apomnemoneumatis
1227 1219 1542 1285 narratiunculis

317 1338 355 1396 et
378 1331 537 1394 aliunde
561 1330 600 1394 in
624 1335 748 1395 artum
772 1330 960 1394 Laertius
988 1328 1154 1410 redegit.
1201 1327 1287 1392 Nisi
1316 1327 1443 1392 omnia
1465 1326 1542 1392 fal·

239 1420 242 1425 ¹
315 1438 404 1502 lunt
426 1438 504 1501 iste
529 1442 617 1502 erat
640 1437 862 1502 Favorinus
885 1437 925 1500 in
950 1436 1172 1518 ‘omnigena
1194 1434 1390 1500 historia’.

407 1542 540 1607 Eidem
565 1543 687 1623 igitur
710 1540 853 1606 haecce
877 1540 993 1606 debet
1015 1541 1254 1607 testimonia.

316 1649 533 1716 Alexandrum
752 1649 907 1714 Duridem
1144 1645 1383 1731 Panaetium⁸⁶l

316 1758 513 1838 Antigonum
753 1755 863 1837 Epigr.
889 1755 1083 1838 sepulcralia
1143 1756 1290 1823 Platonis
1301 1756 1494 1820 Anterastas
1510 1759 1544 1819 et

316 1864 539 1928 Anaxilaidem
753 1861 988 1949 Erasistratum
1190 1863 1353 1929 Critonem
1362 1859 1403 1948 ⁸⁶)

316 1970 548 2052 Apollodorum
753 1968 993 2049 Euphorionem
1144 1971 1349 2036 Polemonem

319 2077 528 2142 Aristotelem
754 2061 945 2155 Eupolidem
1146 2077 1297 2143 Sabinum

319 2182 547 2249 Callimachum
754 2181 966 2262 Hermippum
1146 2183 1313 2248 Seleucum

320 2290 601 2379 Chamaeleontem
754 2286 988 2354 Hermodorum
1146 2289 1341 2356 Simonidem

319 2395 508 2460 Clearchum
753 2394 987 2476 Hippocratem
1146 2397 1360 2479 Speusippum

318 2500 517 2578 Demetrium
539 2501 723 2583 Magnetem
753 2500 959 2567 Idomeneum
1145 2503 1373 2585 Theophanem

318 2607 519 2673 Demetrium
542 2607 733 2674 Phalereum
754 2607 962 2674 Menodotum
1146 2609 1386 2692 Theopompum

319 2714 550 2780 Dicaearchum
754 2715 934 2780 Neauthem
1145 2716 1356 2798 Thrasyllum.

754 2822 877 2888 Niciam
901 2822 1110 2888 Nicaeensem

410 2950 440 3010 2.
466 2947 622 3011 Dioclis
646 2948 682 3010 in
713 2949 796 3013 vita
819 2948 999 3014 Platonis
1023 2949 1173 3013 nullum
1201 2953 1400 3030 comparet
1423 2947 1545 3013 vesti·

319 3050 482 3135 gium⁸⁷).

390 3281 428 3351 ⁸³)
447 3282 546 3336 Athen.
566 3283 606 3335 XI
624 3298 650 3350 p.
668 3285 721 3338 ‘506
742 3283 775 3337 C:
801 3281 835 3345 ὡς
858 3287 904 3338 καὶ
926 3283 1042 3339 Ἀλκυὼν
1065 3289 1178 3345 Λέοντος
1203 3285 1249 3338 τοῦ
1269 3284 1477 3357 Ἀκαδημαϊκοῦ,
1507 3277 1544 3345 ὥς

319 3391 383 3441 φησι
404 3377 525 3450 Naxiae
544 3369 558 3426 ὁ
579 3372 735 3434 Νικαεύς·Δ
754 3373 846 3428 Laert.
863 3373 880 3427 l.
894 3389 917 3426 c.
936 3367 974 3428 ὧν
993 3371 1138 3439 tutando
1152 3371 1265 3435 Λέοντός
1283 3395 1353 3435 τινος
1372 3377 1442 3428 εἶναι
1461 3376 1543 3441 δοκεῖ,

319 3461 394 3514 καθά
414 3481 477 3530 φησι
496 3467 696 3531 ψοβωρῖνος
715 3467 747 3515 ἐν
766 3464 808 3534 τῷ
826 3467 962 3534 πέμπτῳ
982 3464 1043 3516 τῶν
1061 3463 1428 3536 ἀπομνημονευμάτων.

390 3548 425 3619 8⁴)
445 3550 584 3618 Excerpta
608 3566 642 3604 ex
665 3550 771 3603 Alcime
796 3551 829 3605 ad
848 3551 993 3619 Amyntam
1018 3551 1130 3622 scriptis
1153 3552 1220 3606 duas
1243 3553 1355 3622 paginas
1379 3552 1543 3608 Cobetiaaau

319 3637 484 3705 complentia
501 3655 571 3706 quae
591 3645 654 3692 sunt
679 3639 712 3693 de
736 3640 849 3693 Platone
869 3639 1025 3708 Epicharmi
1050 3641 1227 3709 compilatore
1252 3643 1343 3697 nescio
1368 3648 1461 3695 utrum
1484 3641 1542 3711 ipse

319 3726 470 3793 conlegerit
482 3728 609 3782 Laertius
628 3743 662 3781 an
681 3729 807 3782 conlecta
825 3729 932 3782 aliunde
953 3730 1029 3783 velut
1047 3746 1082 3784 ex
1100 3730 1394 3799 apcmnemoneumatis
1413 3728 1544 3784 Favorini

319 3815 543 3883 transscripserit.
580 3816 715 3870 Alcimum
742 3817 873 3886 Stilponis
895 3818 1059 3887 discipulum
1084 3827 1176 3874 censet
1195 3819 1420 3874 Wilamowitnius
1439 3817 1542 3890 [Laert.

319 3904 346 3956 Il
369 3906 431 3974 114]
453 3905 616 3972 scriptorem
633 3908 785 3974 tauritanis,
805 3907 905 3974 quibus
923 3923 989 3961 usus
1008 3915 1050 3962 est
1068 3908 1236 3964 Athenaeus

392 3991 428 4062 85)
448 3993 490 4046 III
509 3994 542 4049 57
562 3993 746 4066 Εὐφορίων
764 3995 871 4050 dd'xcl
890 4003 1078 4058 Παναίτιος
1105 3997 1248 4068 εἰρήκασιν.
1288 3997 1469 4067 Euphorio
1494 3997 1542 4052 (le-

319 4083 401 4136 betur
419 4083 568 4137 Favorino:
589 4084 651 4138 ideo
670 4084 728 4138 sine
747 4085 830 4139 dubio
849 4084 1035 4140 Panaetius
1056 4101 1176 4156 quoque.

390 4169 428 4240 ⁸⁶)
447 4171 474 4224 11
493 4173 527 4227 23
551 4171 682 4226 ἀλλὰκαὶ
710 4178 747 4234 εἰς
770 4173 884 4246 Ἰσθμὸν
909 4173 1025 4246 [venisse
1049 4175 1200 4246 Socratem]
1225 4173 1260 4238 ὡς
1283 4183 1481 4248 Φαβωρῖνος
1508 4181 1543 4232 ἐν

319 4257 439 4332 ἀτρώτῳ
458 4263 519 4314 τῶν
538 4261 906 4335 ἀπομνημονευμάτων.
930 4263 990 4316 Hoc
1006 4263 1193 4319 excritone
1207 4263 1329 4318 Platonis
1343 4265 1541 4334 venitp.52B.

391 4349 427 4418 8l)
450 4349 546 4417 Neque
570 4351 640 4404 enim
664 4352 835 4406 Athenodori
860 4353 902 4405 ΙΙΙ
925 4353 942 4408 3
967 4352 1001 4406 da
1024 4353 1113 4407 Dione
1132 4354 1316 4408 testimouium
1345 4353 1407 4409 ideo
1426 4353 1543 4409 debetur

321 4439 445 4506 Diocli,
477 4439 550 4506 quod
581 4439 608 4492 in
633 4437 787 4494 Stoicorum
818 4441 952 4510 dogmatis
983 4441 1142 4498 Diocleio
1166 4441 1218 4497 VII
1244 4445 1278 4498 68
1304 4443 1413 4498 citatur.
1466 4443 1542 4498 Sem·
