3506 5272
1376 433 1436 495 161

218 615 314 692 atque
337 608 518 692 probarem,
542 605 605 671 nisi
628 606 795 672 accederet
818 606 1008 674 Xenocratis
1023 606 1100 672 vita.
1139 606 1275 690 legimus
1291 609 1336 676 IV
1353 611 1438 673 6—8

217 718 314 784 exilia
336 716 494 799 quaedam
518 733 535 780 1
557 713 735 796 biographo
758 715 956 797 transcripta
979 715 1088 796 solito,
1114 733 1152 780 ex
1176 735 1238 798 quo
1252 717 1440 800 'Hesychius
1503 725 1506 731 '

217 825 338 908 pendet
359 823 429 907 (qui
450 822 599 888 ultimum
622 820 873 904 apophthegm,
897 821 1079 888 Alexandro
1103 834 1301 905 responsum,
1325 825 1439 890 melius

219 931 372 1010 servavit3
402 927 566 995 sufficeret
594 927 646 994 hic
674 947 755 994 unus
785 929 874 996 locus
906 930 951 995 ad·
975 928 1147 996 stultitiam
1174 949 1284 996 eorum
1313 933 1440 998 convin-

219 1038 352 1104 cendam
381 1038 436 1120 qui
462 1036 558 1103 hodie
586 1036 763 1118 Diogenem
789 1036 942 1119 Hesychii
977 1035 1098 1103 fontem
1126 1038 1272 1119 iactant).
1325 1039 1440 1104 deinde

221 1147 307 1212 8-9
319 1163 426 1210 merus
438 1144 583 1226 sequitur
592 1144 813 1227 Myronianns:
828 1145 970 1227 expende
982 1145 1076 1210 modo
1089 1145 1266 1211 orationem
1279 1145 1440 1228 obliquam

219 1253 513 1334 sententiarumque
530 1269 696 1330 conexum3
714 1256 877 1318 auctorem
893 1252 1073 1336 Myroniani
1090 1253 1252 1318 Timaeum
1269 1251 1398 1338 (Athen.
1410 1253 1441 1316 X

220 1357 317 1442 437¹)
350 1360 403 1426 uel
436 1377 495 1424 nos
534 1359 676 1424 indicare
704 1377 882 1440 possumus.
930 1360 1081 1442 deinceps
1109 1365 1330 1442 propagantur
1365 1379 1441 1442 apo-

219 1467 441 1550 phthegmata,
464 1467 572 1532 nescio
596 1466 681 1533 unde
704 1467 880 1548 descripta3
905 1467 1001 1532 index
1023 1467 1179 1534 librorum
1203 1469 1257 1550 qui
1280 1486 1351 1532 cum
1373 1468 1441 1533 vita

220 1573 385 1655 cohaeret,
421 1592 458 1640 ac
491 1591 602 1640 rursus
638 1573 845 1656 Myronianus
874 1574 960 1657 (14),
997 1593 1079 1658 quae
1112 1573 1235 1656 fabula,
1270 1575 1366 1656 vulgo
1401 1575 1441 1640 de

220 1682 366 1765 Lycurgo
394 1685 541 1762 narrata,
571 1680 655 1747 male
685 1681 727 1748 ad
754 1682 953 1748 Demetrium
976 1682 1167 1748 Phalereum
1194 1682 1353 1748 translata
1381 1687 1440 1747 est.

220 1809 317 1872 porro
350 1807 436 1855 mors
470 1787 606 1854 ridicula
643 1793 676 1854 et
703 1808 722 1854 e
748 1793 927 1871 pammetro
956 1790 1167 1872 epigramma;
1202 1789 1263 1855 hoo
1290 1790 1355 1854 iam
1378 1807 1442 1854 nou

221 1897 405 1964 dubitamus
434 1895 666 1979 Hermippeum
692 1914 817 1963 vocare.
871 1896 1009 1979 denique
1039 1896 1235 1980 homonymi,
1272 1915 1351 1980 quos
1383 1915 1442 1962 nos

220 2023 285 2070 non
315 2004 512 2086 seiungimus
540 2003 667 2070 avitis.
714 1993 941 2085 luculentum,’
955 2004 1082 2086 opinor,
1111 2003 1173 2070 hoc
1196 2005 1443 2070 contaminantis

221 2112 376 2194 Diogenis
392 2110 563 2193 specimen,
587 2129 690 2193 neque
709 2116 767 2177 aut
789 2111 875 2176 vitae
892 2109 1076 2177 inferendus
1092 2111 1300 2195 Myronianus
1320 2113 1442 2196 (aucto-

221 2237 274 2283 res
298 2219 425 2284 omnino
448 2238 511 2284 non
534 2218 753 2297 nominantur)
778 2224 834 2284 ant
849 2219 1018 2299 Favorino,
1043 2219 1097 2301 qui
1120 2238 1178 2302 per
1201 2223 1343 2285 veterem
1363 2220 1443 2284 Aca-

222 2325 320 2389 miam
347 2344 504 2409 nusquam
533 2330 591 2392 est.
639 2344 766 2408 possem
795 2327 859 2392 iam
887 2327 972 2392 idem
1000 2326 1040 2392 de
1068 2326 1288 2392 PAMPHILA
1316 2327 1441 2407 docere,

223 2432 279 2496 sed
307 2451 405 2514 parco
433 2434 554 2515 verbio,
587 2451 661 2499 nam
689 2452 799 2498 verum
823 2434 888 2498 iam
910 2433 993 2500 dixit
1015 2434 1226 2499 Bahnschius.
1274 2434 1442 2500 dicendum

222 2559 297 2606 vero
322 2541 362 2606 de
385 2541 472 2608 hisee
495 2541 658 2606 miscellae
681 2540 836 2605 historiae
860 2541 1072 2623 scriptoribus
1095 2541 1179 2606 idem
1211 2540 1296 2622 quod
1319 2542 1359 2606 de
1382 2541 1442 2605 Fa·

221 2648 348 2727 vorino,
373 2667 436 2713 non
460 2667 531 2713 esse
554 2645 721 2727 probabile
744 2646 846 2710 multa
868 2666 908 2710 ex
935 2647 982 2712 eis
1008 2648 1040 2712 in
1063 2647 1240 2728 Diogenem
1271 2648 1440 2713 transiisse

222 2753 331 2816 tacitis
355 2770 464 2817 eorum
487 2750 677 2819 nominibus
726 2752 811 2833 quod
834 2758 1082 2818 consentaneum
1106 2757 1157 2818 est
1179 2753 1212 2818 in
1231 2753 1442 2820 nobilioribus

224 2858 435 2940 scriptoribus
459 2859 637 2942 exquibus
666 2859 765 2924 semel
792 2860 940 2942 longiora
964 2865 1114 2942 excerpta
1137 2856 1304 2937 αὐτολεξεὶ
1326 2881 1443 2944 propo-

144 3051 149 3057 ,
222 2970 351 3046 nentur,
387 2965 647 3032 ALEXANDRO
669 2965 869 3048 polyhistore
904 2966 994 3051 (VIII
1029 2966 1173 3051 25-35)
1214 2971 1246 3032 11
1280 2968 1441 3035 ALCIMO

223 3073 375 3140 Sioehota
397 3073 444 3137 111
468 3076 587 3138 9-17.
638 3091 713 3138 nam
740 3073 799 3138 hos
828 3074 868 3139 ab
898 3074 970 3139 aliis
999 3075 1176 3157 Diogenem
1205 3076 1368 3157 accepisse
1390 3078 1443 3142 vix

222 3186 331 3263 potest
360 3181 504 3262 eogitari.
558 3180 655 3246 etiam
678 3179 847 3246 CASSIVS
874 3180 1039 3264 Sceptious
1069 3181 1144 3265 (VH
1165 3182 1221 3261 32)
1250 3202 1270 3247 a
1298 3203 1360 3266 quo
1383 3185 1443 3250 Isi·

222 3289 320 3355 dorus
343 3289 560 3370 Pergamenus
584 3286 742 3371 (aequalis
765 3285 989 3370 Athenodoro,
1012 3307 1086 3354 nam
1110 3289 1195 3355 inest
1218 3288 1276 3355 flos
1300 3291 1442 3356 eiusdem

222 3396 343 3462 Rutilio
371 3396 461 3478 Lupo
491 3397 512 3464 i.
538 3414 567 3462 a.
620 3395 760 3478 Gorgiae
782 3395 985 3482 Atheniensi)
1013 3397 1065 3463 vix
1092 3397 1202 3464 divelli
1231 3402 1354 3479 potest,
1387 3404 1443 3465 aut

221 3504 324 3570 lectus
352 3509 403 3569 est
426 3504 466 3568 ab
490 3504 560 3586 ipso
589 3503 733 3586 Diogene
768 3508 824 3568 aut
852 3521 869 3567 1
894 3504 1042 3585 soeptiois
1076 3503 1218 3571 fontibus
1245 3506 1279 3570 in
1306 3506 1442 3572 Zenonis

221 3613 321 3678 vitam
336 3613 501 3678 traiectus.
537 3611 730 3677 nominanda
742 3610 840 3676 etiam
852 3610 1239 3694 APOPHTHEGMATA,
1252 3632 1316 3679 non
1329 3633 1368 3680 ex
1378 3634 1443 3682 nna

223 3720 419 3786 conlectione
443 3739 463 3785 a
485 3720 629 3802 Diogene
654 3723 806 3800 congesta
830 3717 883 3801 (cf.
900 3719 1057 3786 Bahnsch.
1084 3739 1103 3785 a
1126 3740 1188 3803 quo
1204 3726 1241 3786 tu
1264 3723 1354 3804 pili
1379 3743 1442 3788 non

222 3827 341 3893 videris
357 3829 542 3909 dissentire)
567 3832 600 3893 et
614 3825 950 3892 DOXOGRAPHICA
965 3827 998 3892 in
1013 3829 1141 3893 Zenone
1157 3829 1319 3911 Leucippo
1340 3831 1442 3897 Hera-

223 3933 308 4014 clito,
333 3935 372 3998 de
395 3936 511 4017 quibus
534 3952 632 4017 supra
654 3952 705 3998 me
720 3932 801 3998 nihil
818 3933 899 3998 scire
916 3932 1080 4015 professus
1096 3953 1175 4001 snm.
1215 3941 1378 4017 postremo
1402 3940 1442 4005 ab

222 4043 293 4126 ipso
316 4043 460 4125 Diogene
489 4044 574 4109 lecta
597 4042 647 4110 aio
672 4039 843 4106 EPICVRI
870 4047 1022 4123 quattuor
1045 4043 1206 4124 opuscula.
1254 4061 1327 4110 nam
1349 4066 1442 4128 prae

222 4150 334 4215 sertim
350 4150 378 4215 si
393 4151 594 4232 reputaveris
611 4149 746 4233 (accipio
764 4150 848 4215 enim
866 4149 941 4214 dum
957 4150 990 4214 in
1005 4150 1150 4232 proximo
1166 4169 1261 4217 versu
1282 4157 1442 4222 exarando

222 4276 333 4324 versor
355 4258 492 4324 Useneri
515 4258 712 4340 prooemium
735 4257 913 4338 Bonnense,
942 4276 1001 4324 nec
1023 4275 1150 4325 resumo
1174 4258 1330 4326 calamum
1354 4268 1443 4330 ante-

222 4385 318 4448 quam
353 4367 561 4447 gustaverim3
602 4365 753 4448 gaudium
788 4382 827 4430 en
857 4365 904 4429 eis
938 4383 1020 4447 quae
1056 4386 1153 4448 supra
1187 4367 1226 4432 de
1271 4369 1442 4451 desperato

276 4468 389 4521 Philolog.
398 4469 597 4522 Dntorsuchungcn
608 4470 648 4511 ΙΙΙ.
1250 4474 1281 4528 11
