3506 5272
263 411 324 472 102

259 586 426 668 utriusque
465 585 651 668 partitionis
691 590 839 650 auctores
875 587 1101 666 innotuerunt,
1142 585 1210 652 fore
1247 605 1406 670 auguror,
1446 592 1485 653 ut

260 694 446 774 ceteroquin
470 694 567 759 iidem
590 692 802 759 innotescant.

348 819 378 884 b.
404 817 470 882 Nec
494 818 610 884 desunt
633 816 698 881 alia
721 817 789 883 veri
813 817 914 898 signa.

348 943 542 1024 Bipartitam
577 942 769 1024 Leucippi
804 943 956 1023 dogmata
990 945 1123 1023 experta
1158 947 1234 1006 sunt
1267 945 1487 1010 recensionem

259 1049 306 1113 IX
330 1050 372 1114 30
400 1049 597 1130 generalem,
628 1049 759 1112 31-38
789 1047 979 1128 specialem,
1011 1051 1181 1130 utramque
1209 1068 1248 1113 ex
1272 1049 1486 1132 Theophrasti

260 1155 422 1220 thesauris
447 1156 575 1219 ductam
598 1155 701 1238 [Diels
721 1175 752 1237 p.
773 1155 866 1238 165]=

298 1381 299 1384 Ἴ
349 1295 459 1382 ἤρεσκε
483 1297 512 1360 δ’
537 1295 622 1382 αὐτῷ
645 1298 764 1383 ἄπειρα
788 1297 934 1394 εἶναιτὰ
960 1294 1072 1360 πάντα
1094 1300 1151 1362 καὶ
1175 1301 1220 1373 εἰς
1244 1299 1371 1385 ἄλληλα
1394 1323 1488 1382 μετα·

259 1403 406 1487 βάλλειν·
431 1401 518 1468 τότε
535 1404 603 1470 πάν
627 1407 710 1469 εἶναι
733 1402 828 1469 κενὸν
850 1403 905 1466 καὶ
929 1401 1046 1489 πλῆρες
1069 1404 1243 1487 σωμάτων·
1267 1403 1340 1482 roric
1362 1431 1396 1470 τε
1417 1404 1489 1471 κάσ-

260 1536 340 1596 μους
368 1516 521 1590 γίνεσθαι
551 1509 707 1594 σωμάτων
736 1513 781 1586 air
808 1509 847 1575 τά
873 1510 969 1576 κενὸν
991 1509 1220 1594 ἐμπιπτόντων
1247 1513 1303 1576 καὶ
1334 1511 1489 1599 ἀλληλοις

260 1619 559 1703 περιπλεκομένων·
594 1619 629 1681 ἐκ
666 1617 702 1682 δὲ
733 1619 789 1702 τῆς
821 1619 971 1704 κινήσεως
1004 1616 1086 1681 κατά
1119 1615 1179 1702 την
1212 1620 1347 1706 αὔξησιν
1381 1618 1490 1688 αὐτῶν

260 1730 414 1806 γίνεσθαι
447 1724 505 1807 την
538 1723 604 1788 τῶν
638 1723 780 1809 ἀστέρων
814 1723 928 1810 φάσιν·
964 1729 1128 1810 φέρεσθαι
1168 1726 1204 1790 δὲ
1238 1726 1296 1792 τδν
1329 1725 1421 1812 ἥλιον
1457 1727 1490 1794 ἓν

262 1833 385 1917 μείζονι
423 1831 527 1918 κάκλιμ
561 1831 653 1918 παρὰ
691 1829 747 1916 την
786 1830 937 1918 σελήνην·
973 1830 1030 1916 την
1063 1832 1124 1918 γῆν
1158 1829 1310 1914 ὀχεῖσθαι
1344 1839 1420 1920 περὶ
1454 1858 1488 1899 το

260 1942 360 2021 μέσον
382 1939 572 2025 δινουμένην
595 1937 703 2024 σχῆμά
725 1940 751 2002 τ’
777 1937 877 2026 αὐτῆς
900 1936 1137 2024 τυμπανοειδὲς
1161 1943 1264 2006 εἶναι·

262 2044 418 2130 πρῶτός
441 2046 465 2108 τ’
492 2043 662 2130 ἀτόμους
685 2043 810 2131 ἀρχάς
833 2043 1090 2132 ὑπεστήσατο·
1125 2045 1192 2110 καὶ
1209 2046 1491 2132 κεφαλαιωδῶς

261 2151 333 2235 μὲν
356 2155 497 2216 ταῦτα·
527 2155 591 2217 ἐπὶ
615 2159 764 2240 μέρους
787 2148 815 2217 δ’
842 2148 914 2218 ὧδε
937 2154 1028 2235 ἔχει.

263 2297 408 2363 Adnotat
423 2296 598 2360 Dielesius:
616 2295 824 2361 Ῐιιυτιιέιοιιιζι
846 2303 923 2361 ποία
939 2296 1160 2384 brographum
1179 2296 1296 2383 potares
1310 2297 1364 2361 vel
1388 2295 1489 2361 ‘vara'-

261 2425 363 2468 ακπνι
381 2401 615 2466 baeterrarum
638 2403 845 2467 conlatorem
870 2405 999 2478 redolet,
1027 2404 1093 2469 scil.
1111 2404 1313 2469 Favorinum.
1355 2404 1490 2486 Saepius

264 2511 462 2592 biographus
486 2510 541 2574 illo
558 2511 751 2575 Laertianus
775 2529 851 2576 usus
876 2516 926 2576 est
942 2511 1192 2594 Theophrasteis
1215 2512 1321 2591 libris3
1346 2511 1491 2576 velutin

265 2617 426 2699 Thrasylli
461 2617 616 2684 librorum
650 2619 927 2685 Democriteorum
961 2619 1067 2684 indice
1095 2620 1141 2683 IX
1173 2621 1215 2684 48
1251 2620 1320 2684 sius
1354 2619 1491 2684 inseruit

264 2726 458 2789 mentionem
491 2723 611 2808 φυσικά
641 2722 677 2786 δὲ
706 2725 797 2789 τάδε·
836 2729 935 2810 μένας
963 2723 1151 2810 διάκοσμος,
1184 2725 1223 2792 ὃν
1250 2725 1280 2789 οἳ
1308 2729 1383 2813 περὶ
1412 2723 1492 2790 Θεό-

266 2837 626 2919 φραστουΛευκίπποο
650 2833 875 2914 perlustrat·
923 2832 1082 2915 Thrasylli
1116 2834 1199 2898 enim
1229 2835 1384 2899 memoria
1406 2834 1492 2899 redit

266 2941 306 3005 ad
323 2940 459 3005 eundem
476 2939 565 3004 illum
582 2940 792 3022 biographum
810 2938 862 3024 [cf.
879 2961 911 3022 p,
926 2939 991 3024 65].
1032 2940 1172 3005 Transeo
1189 2941 1230 3006 ad
1246 2941 1493 3014 Parmenidis

266 3048 386 3129 placita
417 3046 520 3131 [Diels
549 3067 579 3128 p.
601 3047 693 3130 166];
724 3047 882 3134 πρῶτος
910 3047 939 3110 δ’
970 3042 1082 3123 οὗτος
1109 3047 1179 3134 την
1205 3047 1278 3132 γῆν
1312 3044 1492 3134 ἀπέφηνε

267 3152 508 3240 σφαιροειδῆ
531 3152 587 3216 καὶ
611 3152 747 3241 ἐνμέσῳ
771 3159 919 3218 κεῖσθαι·
944 3152 1004 3218 δύο
1027 3155 1053 3219 τ’
1079 3158 1326 3236 εἶναιστοιχεῖα
1349 3156 1414 3241 πάρ
1436 3157 1492 3220 καὶ

266 3266 340 3346 γῆν·
370 3261 425 3324 καὶ
456 3260 492 3325 τά
521 3261 583 3344 μὲν
605 3261 803 3347 δημιουργοῦ
836 3259 926 3340 τάξιν
953 3261 1037 3343 ἔχειν
1065 3264 1122 3346 την
1150 3262 1178 3325 δ’
1204 3259 1295 3347 ὕλης·
1318 3266 1442 3342 γένεσίν
1464 3263 1489 3328 τ’

268 3365 455 3455 ἀνθρώπων
478 3370 511 3445 ἐξ
534 3365 623 3441 ἰλύος
644 3368 774 3454 πρῶτον
795 3372 960 3452 γενέσθαι.
1009 3369 1139 3435 Summo
1161 3369 1230 3433 iure
1258 3369 1338 3435 haec
1366 3389 1493 3454 quoque

269 3474 410 3540 Dielesio
424 3493 462 3538 ex
478 3475 615 3540 vitarum
631 3476 852 3558 promptuario
869 3475 1082 3558 transscripta
1094 3476 1254 3541 videntur.
1289 3476 1492 3559 Biographus

270 3582 370 3663 igitur
404 3580 458 3644 ille
494 3582 638 3663 quisquis
673 3581 733 3649 fuit
769 3601 807 3647 ex
837 3581 1058 3664 Theophrasto
1094 3582 1145 3667 [fr.
1174 3585 1213 3646 17
1241 3582 1346 3668 Diels]
1380 3589 1494 3649 narrat

270 3689 407 3772 primum
430 3688 653 3754 Parmenidem
677 3695 798 3754 terram
822 3690 940 3756 dixisse
963 3691 1143 3756 rotundam.
1183 3691 1283 3773 Atqui
1304 3709 1357 3756 res
1381 3691 1494 3756 eadem

270 3799 304 3862 in
327 3797 531 3878 Pythagorae
558 3797 626 3862 vita
654 3798 700 3862 sic
727 3798 872 3879 tangitur
898 3797 975 3878 VIII
998 3799 1054 3862 48:
1084 3804 1196 3863 τοῦτον
1224 3795 1241 3862 ὁ
1271 3795 1495 3884 Φαβωρῖνός

272 3921 394 3990 φησιν
429 3901 514 3989 ὅροις
546 3901 733 3989 χρησασθαι
768 3903 824 3968 διὰ
857 3903 1088 3990 μαθηματικῆς
1116 3901 1206 3990 ὕλης,
1243 3902 1299 3968 ἐπὶ
1328 3903 1429 3972 πλέον
1457 3903 1495 3968 δὲ

273 4007 442 4096 Σωκράτην
470 4008 526 4073 καὶ
550 4008 624 4085 τοὺς
650 4010 758 4097 ἐκείνῳ
787 4007 1036 4096 πλησιάσαντας,
1062 4010 1118 4074 καὶ
1141 4009 1221 4095 μετά
1244 4011 1331 4076 ταῦτ’
1350 4007 1496 4099 Ἀριστο-

273 4119 366 4204 τέλην
389 4117 444 4181 καὶ
465 4116 538 4193 τοὺς
562 4118 718 4200 στωϊκυάς,
743 4113 843 4182 ἀλλά
865 4115 1028 4204 μήνκαὶ
1053 4115 1121 4183 τδν
1145 4112 1320 4204 οὐρανὸν
1343 4117 1495 4205 πρῶτον

274 4223 471 4312 ὀνομάσαι
498 4223 643 4309 κόσμον
666 4225 731 4288 καὶ
759 4223 829 4310 την
857 4227 929 4311 γῆν
960 4223 1224 4310 στρογγύλην·
1257 4219 1308 4300 aig
1335 4223 1376 4288 δὲ
1399 4222 1494 4290 Θεά-
