3506 5272
1384 487 1423 549 91

1044 665 1047 746 1
1083 655 1086 660 ’
1130 663 1256 717 Laertius
1274 661 1348 716 VIII.

1262 747 1421 754 ...n——

207 791 244 837 ea
266 772 362 837 verba
383 768 537 836 detractos
555 767 677 852 pinnis
695 768 789 835 intra
804 792 944 836 murum
959 793 1032 836 τοττ-
1342 771 1361 854 §
1387 773 1427 835 10

206 876 357 944 dentum
373 876 524 944 deno'um
539 883 691 963 premere
707 927 714 942 .
729 927 737 942 .
751 927 759 942 .
775 879 856 942 Non
876 877 914 942 z'n
928 883 1032 944 totum

207 1005 325 1049 aevum
348 990 458 1050 tamen
479 1004 584 1049 vocem
606 984 831 1050 desuescebant
850 1007 908 1051 nec
922 1007 1033 1050 omnes

201 1090 289 1178 pari
308 1098 449 1178 tempore
470 1090 624 1177 elingues
645 1092 848 1178 magstrum
870 1093 1032 1158 sectaban-

207 1203 276 1272 tur,
293 1200 353 1265 sed
366 1197 588 1285 graveretur·
609 1197 697 1265 vz'rz's
719 1199 812 1264 trevi
823 1198 929 1286 6116116
949 1199 1033 1265 sutis

207 1304 1033 1393 vedebaturtaczlurmlasmorificate-loquaciores

208 1411 374 1478 enodavero
404 1413 522 1496 ferme
559 1412 598 1478 τ’ττ
634 1412 907 1501 quenquennium
943 1415 1035 1479 velut

208 1517 329 1584 exsiles
351 1517 438 1584 vocis
455 1518 704 1605 perurebantur.

300 1624 358 1691 Cui
385 1626 485 1692 vitam
520 1627 676 1708 surripuit
704 1627 849 1694 Platonis
884 1627 1019 1693 eundem
1054 1627 1093 1692 de
1122 1626 1307 1710 Pythagora
1334 1628 1428 1693 docte

210 1735 421 1800 disserentem
450 1734 603 1816 expilavit
630 1753 693 1800 uon
721 1735 790 1800 sine
821 1736 1008 1800 eruditionis
1037 1735 1154 1816 speeie.
1202 1735 1235 1801 Si
1266 1736 1315 1799 oui
1344 1753 1430 1799 soru-

212 1843 307 1924 pulus
330 1843 370 1906 de
393 1842 570 1922 nonnullis,
595 1842 745 1924 quoniam
768 1841 885 1907 desunt
906 1841 939 1906 in
962 1840 1108 1922 Laertio,
1132 1840 1280 1906 residuus
1302 1841 1330 1904 is
1353 1840 1430 1905 Por-

210 1949 316 2033 phyrii
338 1951 438 2015 vitam
460 1948 665 2032 Pythagorae
694 1968 732 2014 eo
761 1949 916 2014 attentius
945 1949 1122 2030 perlustret
1150 1948 1292 2012 indidem
1315 1948 1430 2012 deduc-

210 2063 291 2122 tam:
316 2057 361 2122 ibi
385 2057 469 2122 enim
492 2057 617 2140 reliqua
632 2074 735 2138 paene
752 2058 858 2122 omnia
875 2056 1104 2140 deprehendet,
1127 2074 1211 2139 quae
1228 2062 1324 2122 antea
1348 2076 1431 2122 eom-

211 2163 378 2230 moditatis
401 2164 508 2246 gratia
530 2168 744 2229 enotaveram.

574 2445 601 2486 6.
625 2431 670 2484 lle
688 2429 861 2500 Porphyris
880 2430 912 2484 et
930 2429 1067 2486 Laertio.
1192 2435 1195 2439 '

300 2576 407 2640 Pauca
441 2579 516 2640 suut
550 2591 633 2657 quae
668 2573 707 2639 (16
741 2573 929 2657 biographis
964 2575 1089 2656 graecis
1123 2575 1299 2640 mtnoribus
1334 2576 1433 2658 probe

212 2683 370 2766 praestita
394 2683 459 2748 sint
482 2687 515 2747 et
538 2682 579 2746 ad
601 2682 758 2765 liquidum
780 2682 944 2764 perducta.
984 2683 1074 2748 Inter
1090 2701 1171 2764 quae
1194 2685 1375 2765 praeminet
1396 2685 1432 2748 Ε.

212 2790 336 2856 Rohdei
365 2791 415 2855 ‘de
437 2787 604 2855 Iambliohi
633 2790 701 2855 vitu
723 2789 935 2872 Pythagorae’
966 2791 1192 2855 commentatio
1224 2785 1317 2874 [mus
1342 2791 1431 2856 rhen.

212 2897 319 2964 XXVI
342 2893 457 2984 [1871]
480 2916 511 2978 p.
538 2895 601 2960 554
626 2914 694 2980 sqq.
743 2895 869 2961 Grieoh.
900 2915 1011 2962 roman
1034 2917 1065 2979 p.
1092 2898 1209 2962 25311.
1236 2898 1280 2981 2].
1319 2899 1433 2980 Digre-

214 3005 363 3071 diendum
378 3004 511 3070 Rohdeo
536 3009 607 3069 erat
630 3003 671 3068 ad
694 3004 915 3087 Porphyrium,
946 3010 983 3069 ut
1005 3006 1277 3071 internosceretur
1305 3023 1436 3087 excerp-

212 3118 319 3178 torum
344 3111 525 3191 diyersitas,
549 3130 632 3193 quae
654 3111 848 3177 lamblichus
872 3113 953 3178 satis
975 3112 1090 3178 habuit
1111 3114 1197 3178 inter
1220 3131 1254 3178 se
1278 3114 1434 3178 adsuisse

215 3218 442 3285 Nicomachum
476 3222 510 3283 et
537 3217 714 3300 Diogenem
742 3217 779 3282 dv
811 3231 878 3300 τρῖς
911 3218 984 3304 περὶ
1012 3217 1141 3305 (dodim
1175 3216 1325 3294 ἀπίστοις
1351 3240 1435 3285 nuno

215 3327 342 3393 omitto:
367 3325 500 3390 tertium
523 3343 617 3407 quem
640 3324 696 3390 ille
720 3325 842 3391 detexit
864 3324 985 3391 iontem
1008 3346 1193 3410 persequor.
1234 3325 1364 3392 Erravit
1386 3333 1435 3392 16-

210 3455 286 3500 men
302 3434 463 3514 Rohdeus,
488 3452 559 3498 oum
574 3432 805 3515 Antiphontem
827 3434 898 3520 περὶ
920 3441 986 3500 τῶν
1009 3434 1045 3500 ἐν
1064 3431 1157 3524 ἀρετῇ
1181 3431 1436 3522 πρωτευσάντων

216 3543 347 3609 subesse
376 3541 549 3606 coniceret:
578 3540 770 3606 Favorinum
800 3560 858 3624 ego
887 3560 1010 3607 censeo.
1057 3542 1128 3608 Huc
1156 3541 1332 3608 trahendae
1361 3547 1435 3608 sunt

215 3651 354 3734 §1-2‚
380 3651 476 3727 7-9,
503 3649 642 3729 15-19,
668 3649 709 3712 35
734 3648 816 3714 med.
840 3650 938 3730 -43,
964 3650 1105 3730 45-46,
1132 3650 1271 3730 54-51,
1297 3650 1331 3714 3;

423 3752 601 3821 Porphyrius,
621 3753 678 3808 vita
697 3753 776 3822 Pyth.
995 3753 999 3843 1
1086 3753 1213 3808 Laertius
1232 3754 1307 3821 VIII,
1330 3757 1351 3809 l.

216 3885 235 3968 §
260 3888 276 3949 1
301 3884 336 3949 P.
362 3883 488 3949 Samius
512 3881 578 3946 sive
602 3881 714 3963 Syrius
738 3876 930 3970 [Neauthes]
1011 3881 1071 3964 §L
1097 3881 1259 3966 [Clemens
1271 3883 1375 3964 p.129
1388 3881 1433 3966 S.]

362 3990 490 4056 Samum
514 3988 670 4053 adventus
695 3984 886 4076 [Neanthes]

360 4096 525 4163 Institutio
550 4093 635 4177 apud
659 4094 767 4176 Syrios
792 4089 983 4183 [Neanthes]

549 4203 633 4284 apud
641 4200 856 4284 Pherecydem
864 4202 984 4267 etHer·
1052 4258 1113 4341 §2

548 4306 983 4396 modamantem[Neanthes]
1116 4309 1122 4322 '

219 4419 237 4502 §
261 4421 290 4483 2.
361 4417 543 4501 Tyrrhenus
567 4421 645 4482 natu
670 4413 861 4504 [Neanthes]
1012 4419 1030 4502 §
1057 4421 1071 4482 l
1100 4414 1398 4506 [Aristoxenusl.
