3516 5272
337 446 380 508 70

333 621 487 687 nonnulla
509 620 626 702 quibus
650 625 739 686 caet
762 621 875 684 altera.
923 619 1011 697 Quae
1041 621 1126 684 euim
1156 622 1196 686 de
1225 623 1393 688 itineribus
1416 623 1561 690 Platonis

334 734 367 794 et
402 728 549 809 sepulcro
584 727 618 790 iu
653 726 716 793 fine
745 727 992 808 olympiodorus
1020 727 1150 794 exhibet
1178 728 1295 792 desunt
1323 728 1356 792 in
1384 730 1560 812 Anonymo,

332 854 392 900 nee
416 835 676 900 commemoravit
697 835 783 900 idem
806 852 888 914 quae
912 834 953 898 de
973 833 1115 916 Archyta
1137 854 1168 915 p.
1188 837 1206 896 7
1231 839 1265 898 et
1288 835 1328 899 de
1350 835 1439 902 Pane
1465 840 1492 916 1,
1521 839 1561 901 16

334 941 581 1023 Olympiodorus
611 941 700 1006 dixit.
728 977 766 988 -—
794 939 914 1004 Contra
936 941 1120 1024 Anonymus
1148 946 1295 1022 praestat
1324 942 1419 1024 longo
1451 944 1492 1008 de
1514 945 1562 1009 in-

333 1049 437 1114 ventis
461 1049 606 1114 Platonis
630 1065 765 1112 excursu
788 1066 819 1127 p.
840 1048 860 1110 8
884 1065 931 1128 sq.
978 1047 1067 1112 Idem
1091 1049 1236 1113 nominat
1258 1047 1394 1114 feminas
1416 1049 1562 1116 Platonis

335 1155 587 1220 studiosissimos
611 1155 802 1220 Axiotheam
827 1160 860 1219 et
883 1153 1098 1220 Lastbeueam
1121 1175 1152 1236 p.
1171 1157 1201 1236 8,
1225 1176 1257 1238 p.
1283 1158 1301 1219 7
1326 1156 1562 1238 Hermogenem

334 1262 580 1326 Parmenideum
604 1267 862 1344 praeceptorem,
889 1263 1030 1328 Timonis
1054 1261 1244 1343 sillographi
1267 1280 1379 1327 versus
1402 1283 1433 1344 p.
1453 1264 1483 1343 8,
1509 1263 1562 1326 53.
1586 1245 1588 1248 ’

334 1370 435 1433 Porro
460 1388 491 1449 p.
514 1371 533 1431 6
559 1409 598 1418 -
623 1374 660 1433 ut
683 1371 828 1434 omittam
853 1374 962 1433 cetera
987 1405 1023 1416 -
1052 1369 1219 1433 Platonem
1243 1369 1367 1450 Aegina
1394 1367 1564 1434 oriundum

335 1478 519 1558 Anonymus
542 1475 658 1555 voluit,
684 1476 930 1558 olympiodorus
953 1477 1130 1541 condixit.
1178 1477 1325 1558 Denique
1349 1476 1562 1544 certissimum

336 1589 559 1664 argumentum
582 1583 743 1664 proferam
761 1603 799 1648 ex
816 1584 998 1664 prooemiis.
1041 1584 1132 1662 Quod
1154 1588 1191 1647 ut
1214 1603 1233 1646 a
1256 1583 1421 1648 nullodum
1437 1588 1564 1664 protra-

335 1689 484 1770 heretur,
520 1709 558 1754 eo
593 1692 712 1754 lactum
747 1692 887 1772 videtur,
924 1691 1009 1774 quod
1037 1690 1194 1772 Anonymi
1222 1691 1421 1772 prooemium
1456 1687 1473 1754 ὅ
1503 1689 1564 1772 μὲν

336 1796 501 1881 δαιμόνιος
519 1793 738 1882 Ἀριστοτέλης
760 1800 824 1863 κτλ.
848 1800 1111 1863 Westermanuus
1135 1798 1246 1877 edidit,
1271 1797 1379 1862 omisit
1403 1796 1564 1879 Olympio-

336 1906 478 1970 doreum.
514 1904 567 1969 Sic
585 1904 669 1968 euim
686 1905 799 1986 incipit
817 1905 869 1988 [cl.
889 1906 982 1970 Plato
999 1905 1038 1970 ed
1055 1903 1088 1969 C.
1105 1904 1158 1968 Fr.
1176 1905 1341 1968 Hermann
1358 1905 1402 1970 VI
1423 1924 1453 1985 p.
1471 1904 1562 1988 190]:

337 2011 355 2076 ὁ
377 2009 439 2094 μὲν
455 2008 672 2096 Ἀριστοτέλης
695 2008 874 2095 ἀρχόμενος
896 2011 950 2096 τῆς
974 2009 1089 2076 ἑαντοῦ
1112 2010 1288 2090 θεολογίας
1312 2015 1423 2096 φησίν·
1447 2009 1565 2084 πάντες

336 2119 512 2204 ἄνθρωποι
523 2119 644 2182 εἰδέναι
656 2116 823 2203 ὀρέγονται
836 2117 946 2201 φύσει·
960 2129 1093 2204 σημεῖον
1105 2113 1171 2202 dds}
1188 2117 1374 2199 αἰσθήσεων
1391 2114 1563 2202 ἀγάπησις·

337 2224 398 2307 ἐγώ
423 2225 459 2288 δὲ
482 2228 534 2308 τῆς
556 2230 613 2288 τοῦ
639 2223 816 2299 Πλάτωνος
839 2227 1039 2310 φιλοσοφίας
1064 2219 1242 2310 άρχόμενος
1272 2228 1373 2308 φαίην
1403 2224 1446 2290 ἂν
1474 2225 1565 2289 τούτο

337 2331 499 2415 μειζόνως,
522 2329 569 2394 ὅτι
587 2336 706 2405 πάντες
721 2333 898 2418 ἄνθρωποι
914 2336 969 2415 τής
985 2331 1158 2404 Πλάτωνος
1181 2328 1378 2412 φιλοσοφίας
1396 2326 1566 2415 ὀρέγονται

336 2437 472 2525 χρηστὸν
494 2436 571 2523 παρ’
595 2434 694 2522 αὐτῆς
710 2435 852 2512 ἅπαντας
876 2435 1105 2526 ἀρύσασθαι
1134 2436 1375 2519 βουλόμενοι
1405 2437 1473 2502 καὶ
1500 2434 1565 2500 κά·

337 2569 448 2627 τοχοι
469 2557 553 2618 τοῖς
578 2543 718 2630 ταύτης
741 2543 915 2629 νάμασιν
938 2549 1024 2610 τίναι
1048 2543 1280 2619 σπουδάζοντες
1303 2542 1360 2608 καὶ
1387 2548 1451 2608 τῶν
1476 2543 1566 2608 Πλα-

338 2651 479 2718 τωνικῶν
502 2651 755 2731 ἒνθονσιασμῶν
772 2653 903 2740 πλήρεις
919 2647 1055 2726 ἑαυτούς
1070 2650 1323 2734 καταστήσαντος
1340 2651 1404 2716 κτλ.
1444 2651 1566 2716 Eadem

339 2763 523 2842 Anonymus
547 2760 666 2840 partim
690 2761 722 2824 iu
746 2767 852 2826 artum
876 2763 982 2842 coligit
1003 2759 1123 2841 partim
1146 2759 1193 2822 ita
1217 2758 1415 2838 obscuravit,
1444 2763 1567 2824 utnon

340 2869 443 2932 solum
472 2867 570 2931 verba
598 2867 784 2932 Aristotelis
818 2868 871 2952 [ex
901 2867 1195 2949 Metaphysicorum
1229 2864 1335 2948 initio]
1370 2865 1566 2946 immutaret,

340 2993 451 3040 verum
482 2975 625 3055 pulcram
654 2974 744 3039 illam
771 2976 992 3056 metaphoram
1022 2969 1163 3057 ιχρηστὸν
1191 2971 1270 3057 παρ’
1299 2967 1393 3053 αὐτῆς
1427 2969 1567 3048 ἅπαντες

342 3079 532 3167 ἀρύσασθαι
563 3081 758 3162 βουλόμενοι
792 3080 848 3143 καὶ
883 3080 1009 3162 κάτοχοι
1049 3091 1114 3154 τοϊς
1153 3076 1268 3163 ταύτης
1307 3076 1450 3159 νάμασιν
1484 3083 1568 3146 εἶναι

342 3186 590 3264 σπουδάζοντες
623 3208 661 3254 ex
688 3189 833 3254 Platonis
862 3189 991 3254 Timaeo
1020 3208 1050 3270 p.
1072 3187 1113 3251 75
1149 3187 1277 3252 ductam
1312 3183 1358 3249 ιτὸ
1394 3186 1430 3249 δὲ
1464 3187 1567 3268 λόγων

342 3295 431 3378 νᾶμα
458 3294 518 3370 ἐξω
547 3294 704 3380 proruat
733 3293 911 3379 ὑπηρετοῦν
950 3292 1107 3378 φρονήσει
1141 3290 1309 3358 κάλλιστον
1344 3294 1400 3356 καλ
1435 3291 1569 3379 ἄριστον

343 3400 506 3486 ναμάτων
533 3404 692 3482 integram
720 3401 809 3465 illam
845 3402 971 3484 quidem
1007 3401 1092 3482 apud
1120 3393 1382 3481 Olyrhpiodorum
1416 3401 1450 3466 in
1485 3400 1568 3466 huno

343 3509 472 3573 modum
512 3514 731 3590 corrumperet
764 3529 794 3589 p.
830 3511 867 3586 4,
908 3511 927 3572 6
967 3507 1103 3581 ιπάντας
1142 3509 1205 3592 γὰρ
1245 3505 1443 3592 ἀνθρώπους
1482 3506 1568 3570 ἐστὶν

345 3615 426 3681 ἰδεῖν
450 3613 525 3678 aust
549 3615 587 3678 ἔκ
610 3637 714 3690 τινος
736 3617 857 3700 τιηγής
880 3611 1112 3700 ἀρύσασθαι
1134 3615 1398 3698 βουλομένους
1418 3613 1459 3676 ἐκ
1481 3613 1568 3678 ταύ-

344 3727 417 3807 της’
433 3724 499 3786 κτλ.
1299 3801 1305 3810 .
1464 3739 1466 3742 '

435 3851 464 3896 a.
490 3829 640 3912 Quisquis
668 3825 847 3911 utrique⁷⁶y
875 3834 1006 3910 praesto
1029 3827 1091 3892 fuit
1121 3826 1319 3908 biographus
1343 3826 1397 3892 ille
1421 3826 1569 3910 idemque

347 3936 598 4019 Neoplatouicus
639 3936 802 4002 Timaeum
837 3936 982 4002 Platonis
1018 3939 1052 3998 et
1086 3933 1272 3998 Aristotelis
1313 3933 1571 4015 Metaphysioam

347 4044 495 4126 perlegit.
546 4041 798 4108 communicavit
820 4059 943 4106 mecum
967 4041 1230 4106 Wilamowitzius
1255 4059 1345 4105 suam
1369 4040 1402 4104 in
1425 4040 1568 4124 Porphy-

346 4207 559 4218 ..—-...—-.·—-

420 4291 456 4357 76)
477 4291 652 4345 Steinhurtus
677 4289 780 4360 [Lebeu
809 4289 921 4342 Platone
944 4305 970 4356 p.
993 4289 1038 4359 27]
1067 4305 1101 4342 ex
1128 4287 1358 4356 praelectionibus
1382 4287 1570 4357 olympiodori

348 4388 491 4450 utramque
510 4381 633 4433 haustam
653 4394 712 4432 esse
732 4379 906 4446 scriptionem
926 4379 984 4434 siue
1003 4393 1087 4433 causa
1104 4375 1253 4432 contendit.
