3506 5272
311 497 373 561 158

309 673 474 754 sipporum
497 672 610 754 regula
633 670 840 752 deflexerunt,
868 671 1005 754 denique
1028 673 1062 737 in
1084 672 1291 754 Antisthene,
1324 694 1418 758 quem
1441 682 1529 742 recte

271 763 273 772 ’
308 781 439 860 negavit
466 780 552 861 apud
574 776 819 859 Xenophontem
849 783 905 844 aut
928 779 962 843 in
985 779 1173 844 suavissimo
1197 779 1337 846 Hercule
1360 782 1460 849 talem
1483 784 1531 849 in-

308 887 420 968 veniri,
446 886 572 969 qualem
597 885 789 950 scholastica
813 885 1000 966 superstitio
1023 885 1223 967 reddiderat3
1253 886 1347 954 facile
1371 889 1531 972 intellegi-

307 1012 378 1058 mus
402 1012 458 1058 cur
487 994 521 1059 in
544 991 766 1073 Xenophontis
796 989 871 1056 filiis
894 991 1085 1056 Laconicam
1107 993 1310 1075 disciplinam
1339 995 1529 1078 laudaverit,

309 1104 365 1165 aut
388 1099 547 1181 Aristippi
575 1100 654 1164 scite
683 1099 803 1164 dictum
831 1100 1135 1164 commemoraverit.
1184 1117 1258 1165 nam
1286 1119 1326 1165 ne
1355 1100 1532 1182 Cyrenaica

273 1217 278 1225 ¹
308 1207 439 1288 quidem
462 1205 573 1272 schola
595 1225 658 1270 non
681 1209 810 1286 poterat
834 1221 905 1270 curn
920 1201 1083 1270 Socratico
1100 1205 1240 1288 cynismo
1264 1208 1418 1289 componi.
1455 1213 1531 1274 sunt

308 1331 389 1394 quae
417 1313 502 1378 inter
525 1311 749 1377 Antisthenem
778 1315 811 1376 et
833 1309 1034 1394 Aristippum
1062 1313 1212 1394 ambigua
1239 1313 1305 1380 sint
1331 1315 1530 1398 apophtheg-

307 1423 395 1484 mata
428 1423 543 1484 neutro
577 1419 720 1500 indigna.
776 1417 849 1484 vide
883 1435 924 1483 an
958 1423 1046 1484 recte
1081 1420 1218 1485 sentiam
1252 1420 1292 1484 de
1326 1420 1448 1486 Dioclis
1482 1423 1529 1487 in-

308 1525 413 1606 genio.
458 1526 522 1591 nisi
548 1523 648 1590 falsus
672 1543 756 1605 sum,
785 1523 880 1590 homo
910 1528 960 1588 est
987 1523 1117 1590 minime
1145 1526 1395 1592 contemnendus
1419 1527 1530 1610 etqui

307 1629 406 1696 faciat
440 1632 481 1696 ad
516 1631 750 1698 aestimandum
785 1629 905 1696 saeculi
935 1629 1137 1698 ciceroniani
1170 1632 1343 1713 ingenium.
1391 1634 1529 1716 gratiam

306 1737 482 1804 habeamus
505 1739 643 1820 Diogeni
666 1737 721 1820 qui
745 1737 831 1802 solus
854 1736 1004 1803 notitiam
1028 1738 1097 1804 eius
1121 1739 1269 1805 servavit.

396 1845 451 1910 Bis
474 1845 539 1910 iarn
561 1845 654 1911 nobis
681 1845 821 1910 occurrit
843 1843 1061 1910 ATHENADI
1083 1846 1295 1928 epigramma,
1324 1851 1391 1912 tam
1414 1867 1528 1929 parum

307 1956 383 2033 apte
416 1951 590 2032 intrusum,
625 1956 663 2016 ut
696 1969 755 2033 per
789 1950 1026 2033 neglegentiam
1054 1952 1152 2017 etiam
1180 1952 1349 2036 diligentia
1374 1941 1528 2037 Diogenis

306 2055 456 2139 patefiat,
492 2059 546 2141 qui
580 2057 641 2123 hoc
676 2077 715 2123 ex
748 2058 880 2140 propria
912 2076 998 2138 penu
1031 2056 1271 2146 prompserit⁶).
1323 2062 1421 2128 tertio
1457 2062 1527 2128 looo

307 2165 382 2246 (VII
405 2166 461 2244 29)
495 2165 581 2230 idem
613 2165 699 2246 quod
717 2165 766 2229 in
794 2162 985 2230 Antisthene
1021 2165 1218 2246 epigramma
1245 2165 1340 2233 huius
1367 2169 1526 2235 Athenaei

307 2271 436 2354 (poetae
467 2270 635 2351 elegantis,
664 2269 804 2335 rhetoris
832 2270 959 2351 nobihs,
990 2271 1031 2336 de
1055 2290 1116 2354 quo
1141 2273 1221 2338 alias
1244 2293 1421 2355 proponam
1445 2293 1527 2358 quae

306 2383 343 2441 tu
367 2377 430 2442 iam
454 2395 493 2442 cx
515 2395 586 2442 meo
616 2395 671 2442 ore
696 2376 827 2460 audisti)
857 2375 977 2457 legitur
1004 2377 1099 2441 simul
1123 2395 1193 2442 cum
1216 2380 1381 2462 Antipatri
1405 2381 1527 2448 Sidonii

307 2487 340 2548 et
362 2483 518 2549 Zenodoti
542 2483 641 2548 Stoici
670 2484 704 2565 (i.
730 2502 756 2546 e.
783 2482 925 2548 Gratetei
954 2483 1051 2549 etiam
1075 2484 1115 2548 de
1137 2484 1278 2551 Homero
1302 2486 1527 2574 benemeriti)

238 2586 241 2592 ’
305 2589 508 2655 carminibus.
561 2594 649 2654 recte
677 2589 759 2654 dixit
786 2588 986 2656 Bahnschius
1015 2589 1095 2655 haec
1127 2592 1268 2657 earmina
1297 2593 1360 2674 ipsi
1388 2594 1526 2678 Diogeni

305 2695 429 2776 deberi,
464 2714 569 2777 neque
595 2695 656 2761 hoc
689 2696 805 2761 mhum
836 2696 870 2760 in
904 2696 1269 2780 epigrammatographo.
1321 2699 1417 2764 immo
1444 2700 1526 2766 nihil

306 2801 436 2885 obloqui
458 2802 591 2883 poteris,
616 2803 644 2868 si
675 2803 772 2868 etiam
796 2800 981 2867 Callimachi
1006 2803 1240 2884 epigrammata
1262 2805 1278 2870 Ι
1299 2806 1341 2870 80
1365 2810 1398 2871 et
1419 2807 1466 2871 IX
1484 2809 1524 2871 17

306 2914 339 2974 et
362 2909 533 2975 Simonidis
556 2909 601 2974 IV
624 2910 666 2974 45
691 2910 733 2975 ad
755 2907 931 2989 Diogenem
954 2926 1078 2989 revoco,
1102 2928 1197 2992 quem
1219 2912 1321 2978 multo
1344 2913 1447 2995 magis
1470 2915 1525 2980 de-

305 3019 379 3081 cent
409 3033 504 3097 quam
534 3018 591 3080 aut
622 3014 741 3080 Pittaci
773 3013 986 3096 biographum
1017 3018 1073 3080 aut
1099 3015 1362 3100 homonymorum
1392 3021 1522 3088 indices.

305 3124 362 3188 sed
392 3140 457 3188 non
485 3121 518 3186 in
541 3120 602 3188 hac
625 3122 695 3188 sola
716 3139 753 3186 re
787 3125 825 3186 tu
858 3121 941 3187 sicut
968 3122 1114 3204 plerique
1142 3122 1261 3190 oblitus
1290 3143 1324 3190 es
1347 3125 1524 3209 Diogenem

381 3349 405 3421 6)
422 3350 518 3404 Potest
541 3347 675 3416 quispiam
699 3346 740 3403 ita
762 3348 955 3417 argumentari.
997 3348 1191 3418 epigrammata
1214 3365 1246 3406 ea
1269 3366 1323 3406 non
1345 3352 1523 3410 inveniuntur

303 3439 356 3494 nisi
375 3454 460 3508 prope
479 3435 640 3506 aDiocleis,
659 3451 724 3506 ergo
736 3435 851 3492 Dioclen
863 3443 935 3492 sunt.
965 3437 1037 3492 idem
1056 3438 1172 3494 fortasse
1191 3439 1235 3508 (de
1255 3457 1309 3509 quo
1327 3441 1411 3513 inira)
1429 3443 1523 3513 Myro·

303 3529 414 3583 nianum
436 3533 484 3582 aut
502 3524 671 3594 Pamphilam
699 3525 801 3580 alicubi
819 3527 854 3580 ad
872 3527 1038 3582 Favorinum
1065 3528 1213 3585 revocabit,
1243 3531 1369 3598 peccavit
1396 3532 1468 3586 enim
1492 3549 1522 3587 re

304 3633 370 3671 vera
393 3615 530 3684 Diogenes
553 3613 635 3668 etiam
659 3613 707 3668 ubi
730 3629 814 3667 unum
836 3615 936 3669 librum
957 3616 1088 3672 describit
1110 3617 1174 3672 dum
1193 3618 1316 3674 ordinem
1339 3625 1433 3676 mutat.
1471 3623 1523 3678 hoc

304 3706 332 3760 in
350 3705 464 3759 Platone
484 3708 515 3758 tu
532 3703 587 3758 iam
605 3702 741 3758 monuisti.
780 3704 871 3772 gravis
895 3711 937 3760 est
958 3705 1035 3762 locus
1053 3706 1095 3760 III
1113 3710 1139 3776 5,
1165 3723 1245 3777 quem
1263 3719 1318 3764 non
1335 3717 1410 3765 recte
1429 3711 1521 3768 Diele·

303 3795 360 3850 sius
385 3791 515 3847 tractavit
538 3808 565 3861 p.
587 3794 645 3848 150.
691 3793 845 3864 ἐφιλοσόφει
869 3795 898 3848 δὲ
922 3795 969 3860 τὴν
991 3794 1076 3868 ἀρχὴν
1100 3795 1138 3866 (ἐν
1158 3796 1331 3870 Ἀκαδημείᾳ·
1355 3802 1412 3854 εἶτα
1435 3803 1463 3854 ἐν
1486 3801 1523 3873 τῷ

303 3884 377 3955 κήπῳ
395 3884 431 3953 τῷ
444 3881 517 3953 παρὰ
530 3881 577 3936 τὸν
589 3882 724 3950 Κολωνόν,
745 3880 780 3944 ὥς
793 3903 873 3954 φησιν
881 3883 1051 3954 Ἀλέξανδρος
1063 3889 1091 3938 ἐν
1103 3886 1257 3957 διαδοχαῖς)
1275 3883 1520 3958 καθ’Ἤράκλειτον.

302 3973 380 4027 vides
399 3971 534 4040 quomodo
546 3969 682 4039 Diogenes
701 3970 729 4026 id
748 3973 821 4040 quod
839 3973 944 4026 rectius
962 3973 1034 4042 apud
1045 3973 1193 4042 Apuleium
1214 3975 1308 4044 (supra
1324 3992 1351 4045 p.
1365 3976 1410 4045 62)
1429 3992 1520 4032 serva·

302 4067 361 4117 tum
380 4067 429 4127 est,
449 4058 612 4128 interposito
628 4059 779 4116 Alexandri
798 4061 953 4116 testimonio
971 4068 1121 4132 pervertat.
1156 4077 1207 4118 nec
1228 4068 1319 4119 mmen
1336 4065 1521 4122 Alexandrum

301 4167 356 4206 non
375 4149 485 4206 videtur
503 4146 533 4202 in
550 4147 626 4202 fonte
645 4148 789 4204 invenisse.
827 4150 891 4205 nolo
910 4166 975 4205 vero
994 4152 1046 4207 hac
1066 4152 1111 4208 via
1131 4151 1321 4221 explicationis
1339 4153 1367 4207 in
1385 4152 1520 4223 epigram·

301 4238 383 4294 matis
401 4237 456 4292 illis
475 4235 529 4291 uti:
548 4252 610 4292 nem
630 4242 658 4290 et
675 4237 801 4306 poeticae
815 4238 935 4293 studium
953 4238 981 4293 in
993 4239 1116 4310 Diogene
1128 4245 1340 4296 consentaneum
1352 4247 1381 4296 et
1399 4257 1433 4298 ea
1450 4260 1520 4312 quae

302 4328 360 4397 ipse
379 4326 413 4382 de
433 4341 482 4381 suo
500 4324 590 4380 adfert
607 4326 753 4382 coniuncta
769 4326 929 4398 plerumque
948 4334 1044 4384 extant
1062 4329 1091 4384 in
1109 4346 1163 4386 uno
1181 4328 1251 4386 loco.
1285 4330 1411 4388 similiter
1429 4336 1520 4388 ortum

303 4430 423 4470 errorem
441 4419 472 4468 tu
490 4412 607 4482 tetigisti
624 4431 649 4484 p.
670 4418 712 4471 44.
