3516 5272
1379 491 1419 556 15

280 664 381 731 Nemo
406 665 471 730 iam
494 663 684 746 Cynicorum
712 669 957 747 ceterorumque
980 664 1111 730 decreta
1135 683 1205 730 cum
1228 666 1419 732 Nietzscheo

190 772 327 837 reddere
351 771 483 837 audebit
498 770 617 836 Diocli:
643 771 676 835 id
700 771 786 853 quod
809 790 847 835 ex
870 771 911 836 iis
927 789 1009 853 quae
1029 771 1240 838 refutavimus
1264 774 1420 840 conclusit

191 878 256 959 ille,
282 878 515 964 demonstravit
532 896 596 942 non
617 878 709 957 itcm3
735 896 828 943 nemo
845 877 1034 959 Apollodori
1049 877 1257 945 Atheniensis
1278 880 1420 963 epicurei

190 986 378 1051 testimonia
401 1004 440 1049 ex
462 985 584 1050 Dioclis
608 985 689 1050 libro
714 985 887 1065 derivabit,
912 1004 1016 1067 neque
1039 987 1136 1051 istam
1161 986 1417 1054 observationem

191 1094 231 1158 de
260 1098 330 1158 arte
361 1093 545 1173 dogmatum
576 1097 609 1156 et
636 1093 774 1156 vitarum
806 1111 927 1159 conexu
955 1092 1199 1174 amplexabitur.
1246 1094 1306 1158 Est
1335 1096 1419 1158 enim

191 1201 347 1282 pessima:
366 1201 496 1281 quinam
513 1200 706 1264 cohaerent?
744 1200 782 1264 ln
798 1200 903 1266 verbis
926 1207 981 1264 eat
1002 1198 1180 1284 ταῦταμὲν
1195 1200 1283 1286 αὐτῷ
1300 1200 1419 1265 ἐδόκει·

189 1309 233 1371 ταὶ
261 1308 297 1370 δὲ
324 1307 434 1388 βιβλία
464 1305 564 1370 αὐτοῦ
594 1307 649 1370 καλ
677 1306 848 1394 Θράσυλος
878 1303 1086 1394 ἀναγέγραφε
1111 1306 1195 1371 κατὰ
1223 1306 1315 1386 τάξιν
1343 1310 1420 1390 κτλ,

190 1414 245 1478 ubi
280 1431 400 1496 quaeso
435 1415 499 1478 sita
533 1413 591 1478 illa
626 1418 676 1479 est
711 1415 892 1481 coniunctio
927 1434 1010 1496 quae
1046 1423 1141 1497 cogat
1175 1417 1282 1481 omnia
1315 1416 1418 1481 eidem

192 1521 363 1602 adsignare
388 1522 534 1586 auctori?

280 1629 381 1693 Porro
399 1645 470 1693 cum
486 1627 671 1692 Demetrius
687 1627 821 1707 Magnes
846 1627 997 1708 inopere
1019 1634 1092 1713 περὶ
1115 1625 1298 1712 ὁμωνύμων
1320 1628 1420 1693 libros

191 1735 454 1817 philosophorum
479 1734 687 1813 recensuerit,
712 1734 903 1798 Laertienos
924 1735 1047 1800 indices
1064 1736 1105 1801 ad
1120 1737 1319 1801 Demetrium
1335 1736 1419 1800 male

190 1860 288 1907 ausus
317 1846 368 1906 cst
395 1840 517 1906 referre
547 1841 704 1921 simulque
731 1840 993 1922 homonymorum
1023 1849 1056 1907 et
1083 1844 1221 1909 vitarum
1250 1843 1419 1907 maximam

191 1953 332 2029 partem:
357 1949 461 2013 bonae
484 1948 540 2013 isti
564 1948 837 2028 argumentationi
861 1966 931 2012 cum
955 1955 1063 2014 cetera
1084 1955 1153 2015 tum
1168 1949 1297 2015 Diocles
1322 1950 1420 2026 cessit

192 2055 397 2146 epitomatus.

279 2163 324 2226 Et
347 2162 496 2243 quoniam
521 2160 654 2227 Cornuti
678 2181 804 2243 quoque
831 2164 931 2228 vitam
955 2163 1104 2229 laertius
1133 2170 1341 2230 enarraverat
1365 2163 1418 2247 [cf.

190 2269 228 2333 V.
245 2268 340 2349 Rosa,
365 2270 473 2333 Herm.
499 2269 515 2333 Ι
537 2289 568 2350 p.
586 2270 651 2334 370
675 2269 769 2352 sqq.],
794 2269 923 2334 Diocles
946 2276 1021 2352 post
1045 2269 1220 2336 Cornutum
1244 2273 1263 2336 1.
1283 2291 1309 2336 c.
1335 2273 1419 2336 circa

191 2376 311 2439 saeculi
335 2377 454 2440 exitum
471 2395 490 2440 a
507 2375 697 2441 Nictzscheu
713 2376 886 2458 relegatur.
926 2377 1075 2442 Proiecto
1097 2397 1206 2442 eorum
1223 2378 1419 2443 consimilem

191 2483 311 2548 dixeris
350 2465 590 2563 Nietzscbeum,
631 2502 711 2564 quos
749 2484 835 2548 fama
874 2489 924 2548 est
958 2485 1135 2549 somniasse
1170 2503 1252 2566 quae
1289 2485 1417 2550 vellent.

283 2610 309 2655 c.
334 2591 561 2668 Quaestionem
590 2590 784 2654 instauranti
813 2591 846 2654 in
874 2591 988 2671 primis
1019 2591 1146 2656 videtur
1175 2596 1265 2656 aetas
1296 2591 1419 2658 Dioclis

192 2715 348 2762 annorum
372 2699 514 2762 numeris
538 2695 730 2778 definienda,
756 2698 803 2762 ita
821 2703 931 2762 tamen
954 2703 990 2762 ut
1013 2699 1138 2763 incerta
1161 2699 1212 2763 vel
1225 2698 1322 2762 dubie
1346 2717 1420 2778 sup·

192 2804 383 2884 primantur.

282 2911 434 2992 Logicam
458 2912 629 2993 specialem
655 2917 782 2976 constat
806 2929 876 2976 esse
901 2912 1075 2977 Diocleum.
1120 2912 1231 2993 Neque
1256 2912 1340 2976 enim
1364 2929 1419 2975 an-

195 3036 270 3099 ceps
306 3023 356 3082 est
385 3016 432 3100 [id
456 3019 541 3100 quud
568 3018 839 3083 Freudcntbalius
874 3019 955 3084 dixit
978 3019 998 3083 l.
1024 3019 1076 3102 c.],
1113 3024 1270 3100 quatenus
1298 3017 1419 3084 Dioclis

192 3124 291 3190 verba
322 3125 367 3189 ibi
399 3127 640 3205 continuentur,
673 3126 822 3207 quoniam
852 3127 1041 3208 ιῖσαγωγικὴ
1065 3130 1157 3210 τέχνη
1190 3125 1419 3190 ‘institutionis

194 3231 381 3296 dialecticae
412 3233 524 3297 artem’
556 3229 767 3318 significat:⁶)
798 3233 958 3314 complent
986 3234 1086 3315 igitur
1109 3234 1147 3316 ἕξ
1171 3233 1311 3298 49-83.
1359 3232 1419 3297 Ac-

193 3341 292 3420 cedit,
323 3342 408 3422 qnod
438 3342 470 3405 in
499 3342 571 3421 ipsa
600 3340 661 3405 hac
689 3347 783 3423 parte
809 3340 931 3406 Dioclis
954 3359 1069 3406 nomen
1096 3342 1129 3405 in
1153 3339 1257 3422 figura
1281 3341 1418 3422 quadam

192 3447 362 3512 dialectica
397 3449 513 3512 visitur
539 3449 557 3530 ς
582 3450 623 3512 75
655 3449 690 3536 ζῇ
716 3449 861 3532 Διοκλῆς.
913 3449 987 3514 lure
1015 3449 1076 3514 hoc
1108 3449 1224 3514 mirum
1260 3449 1419 3530 quomodo

193 3553 312 3619 lactum
341 3555 383 3619 sit
414 3555 461 3618 ita
489 3555 678 3636 explanasse
702 3554 912 3619 Nietzscheus
941 3555 1018 3619 mihi
1042 3556 1182 3635 videtur,
1214 3561 1251 3620 ut
1280 3555 1320 3619 ab
1348 3556 1419 3636 ipso

192 3661 304 3727 Diocle
328 3662 506 3742 profectum
531 3667 685 3727 censeret.
731 3661 880 3726 Obvertit
903 3662 1171 3727 Frendeutbalius
1194 3682 1225 3744 p.
1252 3663 1314 3725 311
1340 3661 1419 3725 illud

194 3769 372 3849 exemplum
386 3768 503 3834 Stoicis
520 3787 591 3833 esse
606 3768 771 3848 usitatum,
789 3774 825 3833 ut
836 3773 923 3834 Δίων
940 3774 972 3832 et
986 3753 1088 3834 Θέων.
1117 3769 1166 3833 De
1178 3768 1229 3833 bis
1241 3768 1330 3832 nulla
1342 3786 1419 3832 sane

194 3881 245 3944 est
261 3876 436 3942 dubitatio:
463 3877 610 3942 addenda
629 3880 704 3940 sunt
729 3875 897 3940 ‘Socrates'
923 3880 958 3939 et
974 3875 1097 3940 ‘Plato’.
1137 3875 1236 3940 Velut
1251 3879 1419 3956 quattuor·

186 3985 279 4050 *viros
303 3984 377 4049 illos
406 4001 635 4066 saepenumero
661 3983 829 4048 advocavit
853 3983 968 4047 Sextus
991 3983 1172 4064 Empiricus
1201 3981 1253 4065 [ci.
1279 3981 1419 4046 Bekkeri

265 4161 288 4231 ⁶)
306 4162 366 4215 Hoc
382 4165 460 4228 patet
484 4175 518 4214 cx
536 4159 597 4228 ipso
613 4159 722 4214 Laertia
741 4160 768 4214 X
786 4162 821 4215 30
839 4159 869 4214 τὸ
888 4161 939 4231 μέν
958 4154 1006 4214 οὖν
1029 4159 1173 4213 κανονικὸν
1196 4157 1237 4227 [11
1257 4163 1299 4212 est
1317 4157 1417 4228 logica]

194 4251 308 4322 ἐφόδοις
327 4255 371 4305 ἐπὶ
393 4248 441 4317 τὴν
461 4255 651 4321 πραγματείαν
670 4255 723 4321 ἔχει
740 4254 794 4304 κτλ.
815 4249 849 4304 ef.
868 4250 952 4303 eliam
973 4248 1090 4314 Gellium
1115 4248 1144 4317 [a
1161 4245 1281 4302 Dielesio
1305 4247 1416 4316 duxogr.

194 4356 221 4408 p.
243 4341 292 4394 162
310 4356 338 4393 n.
357 4338 482 4409 citatum]
501 4339 569 4394 XVI
586 4341 611 4394 8.
655 4339 720 4390 Cum
743 4344 771 4390 in
794 4343 946 4404 dr‘scejblz'eras
968 4341 1115 4388 de'celecticas
1138 4340 1229 4388 abduci
1244 4345 1322 4402 atque
1341 4341 1422 4388 r'mbm'

194 4433 329 4499 veHemus,
339 4447 459 4483 necessus
468 4433 532 4499 fuit
541 4433 617 4482 adire
625 4438 703 4495 atque
712 4445 874 4495 cognoscere,
886 4446 953 4494 quas
965 4435 1058 4478 vocant
1065 4430 1194 4478 drivlectr'ci
1204 4426 1356 4498 εἰσαγωγάς
1365 4434 1417 4482 etc.
