3506 5272
315 459 357 523 88

422 633 546 690 Clemens
564 635 643 689 Alex.
664 634 762 689 Strom.
775 635 794 689 I.
924 635 927 716 1
1135 634 1261 688 Laertius
1279 633 1353 690 VIII.

315 767 345 829 p.
363 749 424 810 129
442 747 528 829 sylb.
549 743 750 833 Πυθαγόρας
765 745 826 828 μὲν
842 741 901 810 οὖν
954 745 972 826 §
988 748 1015 810 1.
1043 740 1299 830 Π..Μνησάρχου
1313 741 1535 827 δακτυλιογλύ-

317 851 513 938 Μνησάρχου
547 850 686 935 Σάμιος,
725 849 766 926 ὥς
803 866 902 938 φησιν
954 874 1035 937 φου,
1082 847 1123 927 ὥς
1168 869 1266 935 φησιν
1296 847 1536 938 Ἕρμιππος,

309 958 554 1042 Ἱππόβοτος,
581 955 900 1046 ὠςδὲἈριστόξε-
955 956 1087 1043 Σάμιος,
1130 958 1150 1043 ἢ
1195 955 1236 1032 ὥς
1267 956 1536 1045 Ἀριστόξενος

316 1091 380 1142 νος
402 1067 438 1131 ἕν
467 1073 511 1155 τῷ
536 1063 737 1153 Πυθαγόρου
764 1063 903 1154 βίῳκαὶ
959 1063 1117 1154 Τυρρηνός
1139 1065 1204 1130 κτλ.

310 1172 571 1260 ’Λρίσταρχος
594 1172 649 1236 καὶ
667 1175 902 1257 Θέοπομπυς

322 1279 479 1368 Ίίιῤῥηνδς
501 1277 556 1366 ἦν,
587 1277 630 1355 ὥς
652 1279 689 1344 δὲ
711 1278 904 1366 Νεάνθης

232 1421 234 1426 ·
317 1387 431 1474 Σύριος
445 1380 469 1474 γ’γ’
486 1384 607 1474 Τόριος,
623 1383 702 1452 ὥστε
717 1389 802 1452 είναι
817 1384 902 1450 κατά

319 1491 393 1568 τυδς
440 1493 605 1570 πλείστους
653 1491 819 1582 βάρβαρον
865 1490 901 1558 τό

317 1605 423 1684 γένος·

318 1709 360 1774 ib.
397 1703 464 1796 όψὲ
502 1705 538 1770 δὲ
575 1711 615 1771 Π.
651 1702 668 1770 ό
707 1704 904 1794 Φερεκύδους
957 1707 1021 1791 §2
1047 1701 1138 1781 οὗτος
1161 1708 1273 1792 ἤκουσε
1300 1708 1361 1791 μὲν
1387 1757 1416 1772 ..
1443 1707 1540 1793 Φερε-

317 1817 474 1903 γνοίριμος
490 1812 676 1900 φιλόσοφον
691 1811 806 1880 ἑαυτόν
821 1814 903 1901 πρό·
958 1811 1072 1888 κόδυυς
1087 1820 1144 1878 τοῦ
1156 1817 1273 1901 Συρίου
1289 1814 1341 1898 [de
1357 1812 1540 1896 philosophi

318 1947 372 1998 τος
395 1919 619 2009 ἀνηγόρευσεν·
958 1919 1539 2004 οοιοίοοοί.ἮΠ6εειθοε1σεείε].

319 2053 349 2115 p.
370 2033 433 2096 130
457 2031 488 2097 S.
510 2037 546 2094 Π.
574 2025 610 2091 δὲ
633 2028 715 2093 κατά
742 2026 904 2115 Πολυκρά·
959 2029 1030 2113 §3.
1067 2029 1189 2109 ἐγένετο
1222 2026 1281 2096 οόν
1312 2029 1348 2094 ἐν
1387 2024 1542 2116 Λίγόπτφ

320 2161 375 2226 την
402 2137 459 2202 τόν
489 2134 648 2223 τόραννον
675 2135 734 2200 τόν
755 2135 907 2222 πυρίτην
960 2134 1097 2225 ὁπηνίκα
1124 2138 1180 2202 καὶ
1210 2135 1412 2223 Πολυκράτης
1441 2128 1543 2200 αότόν

320 2244 490 2332 ἑξηκοστόν
523 2244 673 2329 δευτέραν
711 2241 906 2327 Ολυμπιάδα
954 2242 1109 2329 ’Λμάσιδι
1121 2247 1288 2330 συνέστησε
1304 2241 1347 2306 δι’
1363 2240 1543 2328 ἐπιστολῆς·

322 2351 517 2438 εῧρίσκεται·
961 2349 1018 2416 καὶ
1041 2352 1185 2437 ἐξέμαθε
1208 2347 1267 2438 τήν
1289 2349 1404 2436 φωνην
1427 2345 1544 2430 αὐτῶν,

323 2460 485 2545 [convenit
507 2459 543 2524 P.
574 2457 758 2523 sacerdotes
780 2458 907 2540 Aegyp·
961 2457 1054 2524 καθά
1082 2464 1136 2523 καί
1168 2472 1267 2544 φησιν
1289 2453 1476 2541 Ἀντιφῶν
1504 2453 1546 2520 ἐν

323 2568 400 2653 tios]
436 2573 491 2631 ίνα
516 2566 553 2651 δὴ
589 2570 643 2628 καὶ
666 2565 713 2639 είς
740 2563 779 2627 τὰ
802 2561 908 2630 ἄδυτα
961 2569 1014 2656 τῷ
1036 2566 1124 2655 περὶ
1146 2566 1222 2632 τόν
1244 2563 1285 2629 ἐν
1308 2559 1422 2653 ἀρετῇ
1446 2585 1545 2649 πρω-

324 2672 497 2738 κατελθιόν
538 2675 596 2759 τὴν
634 2669 788 2757 μυστικὴν
830 2671 906 2758 παρ’
963 2672 1200 2741 τευσάντων·

326 2784 516 2861 Αἰγυπτίων
538 2780 681 2864 ἐκμάθοι
696 2779 908 2865 φιλοσοφίαν

326 2911 358 2972 p.
378 2890 436 2953 131
464 2889 494 2954 S.
526 2885 695 2975 ἱστορεῖται
718 2883 756 2950 δὲ
785 2889 825 2949 Π.
850 2885 911 2969 μὲν

327 2995 466 3077 Σωγχίδι
489 2993 535 3082 τῷ
569 2996 739 3080 Λλγυτττίφ
762 2988 910 3079 άρχιιτρο-

280 3143 285 3153 -
328 3100 410 3194 φήτη
432 3102 653 3187 μαθητεῦσαι·

328 3209 371 3278 ib.
400 3206 612 3296 Ζωροάστρην
646 3206 682 3272 δὲ
716 3201 771 3270 τὸν
805 3204 912 3290 μάγον

328 3315 386 3381 τόν
409 3320 535 3400 Πέρσην
562 3313 580 3378 ὃ
605 3319 646 3380 Π.
671 3311 840 3399 ἐζήλωσεν·
867 3315 913 3394 βό·
966 3315 1022 3380 καὶ
1046 3317 1135 3401 παρὰ
1152 3314 1331 3389 Χαλδαίοις
1353 3311 1549 3394 ἐγένετοκαὶ

330 3424 425 3507 βλους
459 3417 622 3507 άκρόφυυς
660 3415 779 3507 άνδρός
816 3421 914 3486 τοῦδε
968 3421 1105 3502 Μάγοις.
1315 3421 1323 3436 ‘

331 3528 363 3594 οἳ
375 3527 431 3615 τήν
445 3528 606 3614 Προδίκου
618 3527 779 3612 μετιόντες
791 3535 915 3613 αίρεσιν

330 3633 464 3719 αόχσῦσι
505 3639 689 3722 κεκτῆσθαι.
750 3635 915 3720 [Sequitur

332 3743 550 3814 Alexander
594 3742 824 3826 Polyhistor
875 3744 914 3809 de

332 3851 483 3936 symboliS
506 3850 752 3936 Pythagoricis}

333 3962 436 4045 p.213
450 3958 578 4037 λέγεται
590 3958 626 4022 δὲ
638 3955 737 4032 ἔθνος
748 3957 916 4044 βάρβαρον

335 4064 391 4134 οόκ
437 4067 593 4145 ἄγευστον
630 4068 684 4151 τῆς
717 4066 916 4152 φιλοσοφίας

335 4172 511 4263 πρεσβύτην
539 4171 652 4260 αἶροόν
680 4173 760 4258 πρὸς
788 4169 917 4256 Ζάμολ-
970 4173 1034 4256 §2
1059 4170 1113 4234 καὶ
1128 4169 1249 4234 δοῦλον
1264 4164 1429 4252 Ζάμολξιν
1445 4166 1552 4254 [ἔσχε],

336 4287 386 4361 ξιν
397 4280 485 4369 ἥρωα
495 4281 565 4346 κατ’
577 4279 659 4356 ἔτος·
676 4277 743 4345 όδὲ
755 4277 918 4363 Ζάμολξις
971 4273 1112 4363 ᾧΓόται
1140 4275 1278 4341 θόουσιν
1316 4273 1438 4362 Κρόνον
1465 4281 1552 4360 νομί-

337 4386 377 4476 ἤν
398 4390 456 4453 τοῦ
482 4388 681 4475 Πυθαγόρου
703 4392 884 4472 γνωρίμων·
973 4386 1085 4466 ζοντες,
1110 4381 1150 4458 ὥς
1173 4401 1271 4467 φησιν
1289 4379 1468 4468 Ἡρόδοτος.
