3516 5272
297 490 339 554 56

295 666 435 732 indicum
474 663 612 746 scriptor
649 668 686 729 ut
724 663 865 734 vidimus
896 661 937 727 ad
973 661 1204 727 Aristoxeni
1242 663 1342 728 vitam
1378 665 1523 733 Platonis

295 791 476 856 respexere,
500 770 555 835 ille
578 771 707 852 quidem
730 772 790 836 ita:
815 768 856 856 ἢν
874 769 1046 833 Πολιτείαν
1070 768 1242 854 [Platonis]
1259 765 1524 854 Ἀριστόξενός

296 896 371 964 φησι
398 884 511 943 πᾶσαν
539 876 657 958 σχεδὸν
686 876 722 942 ἐν
745 887 812 952 τοῖς
838 874 1052 960 Πρωταγόρου
1079 872 1271 961 γεγράφθαι
1299 872 1521 958 ἆνττλογικοϊς.

296 984 400 1064 Quid?
428 983 513 1067 qnod
543 982 576 1048 in
605 984 717 1049 eadem
744 983 890 1049 Platonis
916 981 983 1046 vita
1013 980 1149 1046 totidem
1180 981 1303 1047 Laertii
1335 983 1374 1050 de
1411 986 1523 1050 eadem

294 1111 330 1157 re
357 1091 456 1158 verba
485 1090 621 1156 redeunt
644 1109 707 1157 non
731 1088 958 1155 Aristoxeni
986 1087 1114 1153 nomine
1142 1088 1199 1153 sed
1221 1088 1406 1154 Favorini
1429 1109 1523 1173 prae·

294 1197 357 1264 fixo
392 1197 440 1264 HI
468 1198 524 1262 57:
561 1194 600 1280 ἣν
633 1195 811 1280 [Politian]
846 1199 900 1259 uui
931 1189 1138 1279 εὑρίσκεσθαι
1174 1191 1287 1275 σχεδὸν
1321 1193 1399 1282 ὅλην
1432 1195 1524 1282 παρὰ

294 1303 497 1392 Πρωταγόρᾳ
510 1302 546 1368 ἐν
561 1315 627 1378 τοῖς
642 1299 947 1386 ascalonemque
963 1303 1192 1384 Φαβωρῖνος
1208 1299 1250 1366 ἐν
1265 1303 1524 1389 παντοδαπῆς

295 1411 472 1499 ἱστορίας
503 1407 630 1498 ὀγδόῃ.
676 1410 745 1475 Iam
772 1428 848 1475 vero
872 1406 1112 1490 Apollodori
1140 1408 1359 1475 testimonium
1389 1411 1429 1476 de
1451 1411 1523 1477 Pla·

295 1520 380 1585 tonis
405 1518 457 1583 die
480 1517 583 1584 natali
605 1516 653 1581 ΙΠ
677 1518 696 1581 2
721 1515 888 1581 Favorino
903 1513 1115 1594 reddendum,
1145 1515 1172 1579 si
1195 1515 1289 1580 modo
1313 1521 1402 1582 recte
1426 1537 1524 1600 supra

295 1626 340 1710 [p.
366 1625 423 1709 46]
447 1643 518 1689 cum
546 1617 779 1705 Aristoxeni⁶²)
807 1621 970 1688 mentione
999 1621 1080 1686 illud
1109 1622 1328 1690 coniunximus
1358 1624 1410 1708 [ci.
1439 1625 1524 1691 inira

295 1753 326 1815 p.
353 1731 405 1798 85.
432 1731 484 1796 88.
511 1730 577 1814 89].

385 1857 412 1904 e.
439 1836 497 1902 ‘Ex
523 1836 664 1902 rhetoris
693 1835 760 1901 sive
793 1833 940 1917 sophista
975 1831 1104 1900 officina
1137 1825 1329 1917 prodierunt
1363 1838 1522 1920 catalogi.

295 1947 440 2028 Utroque
468 1943 596 2010 nomine
625 1942 804 2008 sexcenties
833 1939 965 2006 effertur
992 1940 1178 2007 Favorinus.
1232 1941 1328 2009 Cuius
1357 1965 1525 2009 summan

295 2049 496 2138 elegantiam
531 2050 705 2116 verborum
739 2047 903 2133 totiusque
936 2045 1099 2112 sermonis
1127 2046 1281 2133 gratiam
1315 2055 1413 2136 atque
1446 2051 1524 2116 adeo

296 2156 508 2224 amoenitates
530 2161 562 2221 et
582 2154 691 2242 copias
706 2155 927 2240 ubertatesque
949 2152 1114 2220 mmenem
1132 2162 1227 2242 posse
1250 2154 1412 2243 indipisci
1433 2163 1524 2223 aetas

296 2265 353 2330 illa
381 2265 533 2330 credebat
561 2261 614 2346 [of.
640 2262 779 2328 Gellium
806 2261 882 2326 XVI
905 2263 924 2325 3
950 2265 1010 2326 eto.
1036 2262 1188 2329 Philostr.
1213 2265 1269 2330 vit.
1295 2264 1428 2346 sophist.
1453 2266 1470 2331 Ι
1493 2266 1523 2331 8.

298 2373 413 2439 Suidas
437 2390 461 2437 s.
478 2390 508 2437 v.
534 2371 643 2455 Φοβ.].
681 2370 879 2450 Quamquam
903 2386 922 2433 a
944 2387 1026 2450 puro
1049 2369 1230 2436 Atticorum
1254 2389 1399 2437 sermone
1424 2372 1525 2438 desci-

296 2480 381 2546 visse
404 2477 584 2561 Phrynicho
607 2476 734 2541 videtur
758 2473 809 2558 [ol.
835 2494 866 2556 p.
885 2475 936 2541 37.
965 2477 1016 2542 69.
1044 2478 1106 2540 170
1131 2480 1189 2542 eto.
1215 2477 1366 2562 Lobeck].

385 2584 400 2649 f
413 2588 452 2650 et
468 2603 497 2667 g,
524 2584 582 2648 ‘De
597 2587 767 2664 poetarum
783 2582 1039 2665 scriptorumque
1055 2600 1201 2648 sermone
1223 2587 1256 2648 et
1279 2583 1407 2666 ingenio
1432 2590 1525 2652 acute

296 2693 449 2759 iudicavit
484 2691 623 2772 scriptor
656 2689 815 2756 indicum'.
878 2688 1059 2754 Laudatnm
1093 2693 1144 2754 est
1178 2688 1329 2755 Favorini
1363 2691 1526 2758 indicandi

297 2817 439 2865 acumen
480 2796 604 2863 Gellius
619 2796 686 2860 115
711 2794 812 2861 refert
834 2795 941 2878 lepide
963 2796 1194 2879 designateque
1209 2796 1257 2863 ita
1272 2797 1379 2863 dicere
1396 2799 1525 2865 solitum

297 2925 368 2972 esse
391 2904 586 2970 Favorinum
608 2903 649 2967 de
672 2902 790 2984 Lysia
814 2907 854 2967 et
876 2903 1056 2969 Platone:
1080 2901 1124 2970 Si
1142 2922 1186 2967 ex
1200 2902 1356 2970 Platonis
1377 2904 1527 2972 cranone

296 3012 431 3078 uerbum
455 3008 595 3095 elc'quod
614 3009 726 3074 deum
747 3014 890 3074 mutesve
911 3014 1008 3095 atque
1029 3008 1323 3075 commodnusunu
1340 3010 1462 3088 saeuas,
1486 3014 1526 3078 a'e

296 3115 462 3205 elegantia
485 3123 595 3182 temen
617 3113 825 3189 detraxeris·
847 3113 883 3180 si
901 3135 944 3180 ex
961 3113 1076 3214 Lysia
1102 3117 1141 3180 a'e
1162 3115 1333 3183 sententia.
1349 3155 1394 3166 -
1411 3118 1525 3186 Coram

297 3225 462 3308 discipulis
495 3222 730 3290 Sallustium
766 3222 861 3306 [Gall.
886 3222 934 3288 111
964 3224 996 3308 l]
1026 3224 1079 3290 vel
1104 3222 1359 3289 subtilissimum
1387 3225 1524 3293 breune-

295 3329 341 3396 tis
362 3329 522 3416 artificem
546 3329 698 3411 adpellat.
722 3365 768 3376 -
797 3328 1005 3394 Claudium
1028 3331 1329 3412 Quadrigarium
1357 3332 1454 3416 [Geli.
1478 3334 1525 3400 IX

299 3439 350 3519 13,
369 3437 402 3522 5]
426 3438 465 3503 de
483 3436 596 3502 Manlii
617 3455 687 3501 cum
705 3435 797 3502 Gallo
820 3437 995 3502 certamine
1016 3436 1175 3502 dicentem
1192 3455 1262 3502 cum
1285 3438 1419 3521 legeret,
1444 3440 1526 3507 dixit

297 3566 366 3610 uon
381 3541 569 3609 minorihus
583 3543 682 3630 quati
694 3541 855 3630 adfiu‘que
869 3541 1024 3608 annuum
1039 3564 1141 3609 suum
1156 3541 1297 3608 mondus
1306 3545 1526 3633 pulsibusque

296 3671 398 3738 quem
427 3649 461 3716 si
488 3649 556 3737 ipse
582 3673 693 3717 coram
721 3651 948 3737 depugnantes
981 3672 1034 3716 eos
1066 3655 1230 3737 spectaret.
1281 3651 1359 3717 Inde
1394 3652 1524 3737 lactum,

297 3763 334 3823 nt
350 3757 474 3824 Gellius
496 3757 616 3824 ibidem
635 3758 839 3840 Quadrigarii
864 3759 1041 3824 orationem
1057 3757 1097 3824 ob
1113 3758 1309 3839 incomptam
1333 3760 1525 3827 suavitatem

296 3865 536 3947 puritatemque
588 3869 622 3929 et
672 3864 911 3946 simplieitatem
956 3864 1113 3930 laudaret.
1163 3902 1202 3910 -
1249 3865 1298 3930 De
1345 3865 1523 3949 Vergilio

298 3969 394 4054 [Gall.
419 3969 511 4036 XVII
537 3971 586 4050 10,
611 3971 632 4034 4
656 3969 739 4054 sqq]
768 3971 815 4035 ita
843 3972 1036 4052 aestimavit,
1060 3976 1097 4036 ut
1120 3971 1262 4037 earmina
1285 3989 1368 4054 quae
1390 3974 1523 4057 reliquit

296 4075 442 4159 perlecta
476 4075 679 4158 expolitaque
715 4075 893 4159 quibusque
926 4079 1080 4160 imposuit
1116 4096 1228 4144 census
1258 4082 1355 4162 atque
1388 4079 1524 4149 dilectus

298 4185 347 4248 sui
372 4200 552 4265 supremam
575 4201 705 4248 manum
733 4184 818 4249 omni
845 4185 993 4265 poeticae
1020 4184 1116 4250 laude
1146 4182 1307 4250 adficeret.
1356 4185 1418 4252 Sed
1442 4207 1524 4271 qnae

369 4323 407 4395 62)
431 4324 588 4380 Aristoxeni
611 4324 668 4380 vita
690 4324 813 4381 Platonis
836 4325 870 4380 ab
896 4341 950 4381 uno
974 4333 1085 4395 praeter
1108 4327 1180 4382 hunc
1201 4325 1301 4381 citatur
1324 4326 1475 4399 Aristode,
1501 4332 1524 4386 si

298 4413 433 4470 Muellero
451 4413 519 4470 fides
537 4413 665 4470 habenda
682 4413 714 4468 F.
733 4415 768 4470 Η.
788 4415 820 4470 G.
839 4415 865 4470 Il
884 4417 944 4472 282.
1013 4501 1015 4506 Ι
