3506 5272
330 614 369 702 ἦν
392 617 422 683 δ’
448 615 534 705 αύτῷ
558 616 703 702 σύμβολα
725 615 818 683 τοίδε·

329 727 394 809 πῦρ
417 730 565 808 μαχαίρᾳ
589 722 632 810 μή
655 724 833 792 σκαλεύειν·
858 726 954 805 ζυγδν
975 728 1016 812 μή
1040 725 1264 814 ὑπερβαίνειν·

331 831 386 894 ἐπὶ
409 834 612 916 χοίνικοςμή
636 833 800 908 καθίζειν·
829 833 966 919 καρδίην
988 831 1031 917 μή
1052 820 1194 898 ἐσθίειν·

242 983 246 990 -
330 943 463 1024 φορτίον
484 941 527 1022 μὴ
550 944 798 1026 συγκαθαιρεῖν,
822 943 1064 1004 συνεπιτιθέναι
1087 940 1136 1004 δέ·

330 1048 369 1109 τοὶ
394 1043 562 1132 στρώματα
585 1041 636 1109 ἀεί
660 1046 874 1131 συνδεδεμένα
898 1046 994 1128 ε’χειν·

329 1155 364 1217 ἓν
387 1152 547 1238 δακτυλίῳ
572 1151 679 1217 εἰκόνα
703 1155 785 1218 θεοῦ
808 1155 850 1238 μή
875 1159 1072 1241 περιφέρειν·

328 1257 443 1346 χύτρας
466 1264 556 1340 ἴχνος
580 1268 705 1341 συχχείν
728 1260 764 1325 έν
786 1266 822 1352 τῇ
844 1265 963 1347 τέφρᾳ·

328 1367 432 1454 δᾳδίῳ
454 1366 563 1431 θᾶκον
586 1367 629 1452 μή
654 1364 892 1453 ὀμόργνυσθαι·

326 1474 405 1557 πρὸς
426 1472 521 1558 ἣλιον
543 1480 760 1560 τετραμμένον
781 1477 824 1559 μὴ
850 1471 986 1561 ὀμίχειν·

327 1581 385 1656 τὰς
407 1582 591 1667 λεωφόρους
613 1579 656 1664 μή
679 1582 839 1664 βαδίζειν·

328 1687 372 1773 μὴ
396 1688 514 1775 ῥᾳδίως
537 1686 649 1766 δεξιάν
672 1687 860 1771 ἐμβάλλειν·

328 1793 537 1880 ὁμωροφίους
560 1793 730 1876 χελιδόνας
752 1794 794 1879 μὴ
820 1795 917 1877 ἔχειν·

316 1899 573 1983 ,ἀπονυχίσμασι
589 1905 643 1962 καὶ
658 1911 788 1986 κουραῖς
803 1900 847 1985 μή
865 1902 1014 1987 ἐπουρεῖν
1036 1904 1116 1988 μηδὲ
1132 1901 1352 1988 ἐφίστασθαι·

327 2009 437 2086 δξείαν
458 2010 623 2094 μάχαιραν
646 2003 873 2094 ἀποστρέφειν·

326 2114 562 2202 ἀποδημοῦντα
585 2115 640 2178 ἐπὶ
663 2127 730 2189 τοῖς
753 2115 836 2202 ὅροις
859 2113 1131 2204 ἀνεπιστρεπτεῖν.

303 2224 392 2288 Ηεεο
416 2223 559 2305 symbola
582 2223 662 2303 ipsa.
711 2222 798 2301 Quae
823 2224 900 2307 qnid
924 2224 986 2290 sibi
1013 2223 1113 2289 velint
1140 2222 1187 2287 ita
1214 2222 1374 2304 explanat,
1398 2228 1435 2288 nt

215 2351 304 2397 more
328 2351 384 2397 suo
401 2331 581 2396 consentiat
597 2349 668 2395 eum
685 2329 847 2396 Clemente
872 2338 905 2397 et
920 2331 1107 2413 Porphyrio.
1149 2330 1301 2395 Ordinem
1318 2348 1434 2412 sequor

216 2438 437 2505 Laertianum:
755 2442 758 2454 '

246 2544 372 2598 Laertius
385 2542 460 2610 VIII,
480 2546 511 2598 18
526 2559 584 2611 sqq.
626 2545 629 2628 χ
642 2543 870 2598 ClemensStrom
880 2562 905 2614 p.
914 2547 965 2600 238
976 2561 1033 2613 sqq.
1046 2547 1050 2634 χ
1071 2543 1239 2612 Porphyrius
1250 2547 1281 2596 e.
1301 2545 1344 2598 42.
1358 2542 1406 2610 ¹⁰⁸)

206 2653 331 2718 Ἤθελε
353 2654 385 2716 δ’
412 2651 499 2740 αὐτῷ
642 2659 801 2740 Παραινεῖ
825 2661 904 2734 γοῦν
933 2652 950 2719 ό
974 2651 1036 2716 Σοί·
1063 2650 1104 2739 ἤν
1119 2651 1158 2716 δέ
1178 2660 1233 2716 καὶ
1256 2653 1337 2719 ἄλλο
1352 2654 1434 2727 είδος

639 2784 716 2842 μιος
1062 2758 1232 2844 συμβόλων
1256 2767 1417 2826 τοιοῦτον·

218 2872 245 2934 l.
271 2867 311 2931 τὸ
340 2870 412 2951 μὲν
438 2871 514 2953 πῦρ
542 2890 611 2947 μα·
1062 2869 1091 2930 2.
1115 2867 1161 2952 μή
1201 2863 1242 2930 τδ
1280 2867 1355 2953 πῦρ
1389 2868 1434 2955 τῇ

212 2979 329 3060 χαίρᾳ
345 2976 392 3058 μή
410 2971 612 3038 σκαλεύειν
873 3023 874 3026 ¹
1060 2971 1233 3059 μαχαίρᾳ
1271 2972 1432 3039 σκαλεύ-

214 3083 383 3150 δυναστῶν
420 3077 521 3166 δρχίχν
558 3081 611 3143 καὶ
1060 3097 1132 3145 ειν·
1157 3078 1237 3167 ὅπερ
1254 3075 1349 3166 ἦνμή
1374 3083 1432 3146 τὸν

214 3189 368 3253 οἰδοῦντα
413 3189 525 3271 θυμόν
567 3188 611 3270 μὴ
1060 3186 1255 3254 ἀνοιδοῦντα
1271 3188 1325 3252 καί
1348 3187 1433 3276 ὀρχι-

214 3305 323 3360 κινείν.
979 3344 981 3348 .
1061 3293 1194 3379 ζόμενον
1209 3309 1309 3362 κινεῖν
1324 3295 1432 3376 λόγοις

1059 3407 1282 3488 τεθαμμένοις·

215 3512 244 3574 2.
269 3510 310 3573 τὸ
347 3507 387 3570 δὲ
421 3507 534 3587 ζυγόν
562 3506 610 3590 μή
640 3510 668 3572 5.
694 3528 725 3589 p.
751 3510 814 3573 239
840 3509 870 3574 S.
918 3508 1034 3588 ζυγὸν
1063 3512 1090 3574 1.
1117 3510 1230 3589 ζυγὸν
1252 3509 1430 3595 μὴῦπερ-

214 3613 478 3703 ὑπερβαίνειν,
536 3639 610 3678 του·
636 3613 1033 3700 μὴῦπερβαίνειντου-
1059 3620 1216 3697 βαίνειν
1290 3621 1431 3684 τουτέστι

214 3727 298 3786 τέστι
324 3719 361 3785 τὸ
383 3723 456 3786 ίσον
482 3721 538 3785 καί
566 3721 610 3784 δί-
637 3720 721 3786 τέστι
743 3721 786 3804 μή
808 3725 1034 3806 παρέρχεσθαι
1058 3722 1101 3807 μή
1124 3724 1334 3791 πλεονεκτεῖν.

214 3852 307 3895 καιον
328 3827 372 3914 μή
393 3825 607 3913 ὑπερβαίνειν.
636 3826 672 3894 τὸ
698 3827 777 3914 πρὸς
799 3827 857 3903 τοὶς
872 3829 1034 3914 διανομὰς

637 3940 713 4008 ἴσον
726 3945 886 4021 τιμῶντας
908 3935 966 4024 τὴν
989 3939 1034 4003 δι-

637 4044 820 4130 καιοσύνᾳν.

285 4201 335 4272 1⁰⁸)
352 4202 448 4256 Rohde
477 4202 595 4271 [Griech.
623 4219 717 4257 roman
739 4221 766 4272 p.
791 4205 841 4259 255
863 4205 902 4274 m]
925 4204 1071 4274 Porphyrii
1100 4220 1133 4258 ex
1161 4205 1290 4261 Antonio.
1305 4206 1428 4276 Diogene

213 4298 343 4361 excerpta
360 4307 415 4346 nnn
433 4298 506 4346 reete
528 4307 614 4359 usque
636 4293 670 4346 nd
683 4295 717 4348 36
735 4291 773 4347 fin
786 4334 791 4346 .
806 4293 944 4362 provexit:
958 4294 1062 4349 Laertii
1082 4295 1315 4362 comparationem
1335 4297 1427 4352 tredu-

214 4381 252 4435 cit
270 4381 342 4436 ultra
361 4387 394 4449 μ’
407 4383 449 4450 28,
470 4384 492 4435 1.
528 4381 604 4436 Idem
623 4381 695 4436 velet
712 4382 741 4434 In
759 4381 775 4453 ᾗ
794 4385 837 4438 45.
