3506 5272
308 443 370 506 156

306 620 393 686 νοῦν.
441 618 541 704 δῆλον
565 617 592 682 d’
618 617 652 681 ἐκ
675 617 739 684 τάν
762 616 1018 704 συγγραμμάτων
1039 613 1100 682 κάκ
1123 619 1182 682 τοῦ
1205 615 1418 701 Ξενοφῶντος
1441 622 1526 703 Σαμ-

303 729 428 790 ποσίον.
478 724 570 790 δοκεῖ
590 723 625 788 δὲ
648 723 779 810 καὶτῆς
802 720 1068 808 ἀνδρωδεστάτης
1097 722 1229 808 στωικῆς
1251 722 1420 807 κατάρξαι,
1445 720 1526 790 ὅθεν

303 837 358 895 καὶ
388 827 569 917 Ἀθήναιος
597 826 616 895 ὁ
648 827 967 916 ἐπιγραμματοποιὸς
994 826 1055 896 κτὲ.
1101 829 1246 912 sequitur
1275 831 1524 911 epigramma..

304 934 396 1014 οὗτος
412 933 551 1024 ἡγήσατο
566 941 621 1000 καὶ
636 933 692 1019 τῆς
707 939 880 1016 Διογένους
903 936 1071 1011 ἀπαθείας
1093 936 1148 1000 καὶ
1162 935 1217 1020 τῆς
1227 931 1389 1022 Κράτητος
1412 935 1523 1023 ἕγκρα·

304 1049 390 1119 τείας
413 1044 467 1108 καὶ
494 1044 550 1130 τῆς
571 1042 721 1130 Ζήνωνος
749 1049 925 1131 καρτερίας,
954 1038 1052 1117 odric
1079 1040 1282 1128 ὑποθέμενος
1309 1042 1347 1132 τῇ
1374 1042 1523 1126 πολιτείᾳ

304 1152 415 1237 (πόλει
437 1150 547 1234 vulgo)
570 1151 611 1214 τά
634 1149 782 1232 θεμέλια,
811 1148 828 1214 ὅ
856 1152 893 1215 dr
915 1149 1072 1235 Ξενοφῶν
1098 1145 1227 1235 ἥδιστον
1256 1152 1316 1232 μὲν
1341 1149 1522 1236 εἶναιπερὶ

305 1261 362 1333 τάς
385 1257 514 1343 ὁμιλίας
537 1261 635 1343 φησὶν
658 1255 760 1322 αὐτόν
786 1254 1037 1343 ἐγκρατέστατον
1060 1256 1098 1321 δὲ
1120 1261 1193 1343 περὶ
1216 1254 1332 1322 τᾶλλα.
1380 1257 1526 1340 sequitur

304 1367 459 1432 librorum
492 1366 595 1431 index.
655 1364 689 1428 in
717 1363 768 1429 his
796 1365 900 1446 primo
930 1364 1044 1431 obtutu
1071 1368 1164 1445 patet
1192 1381 1211 1428 a
1238 1363 1383 1445 Diogene
1410 1365 1525 1431 inscite

304 1474 463 1540 intrusum
493 1489 564 1538 esse
592 1471 788 1554 epigramma
814 1471 983 1538 Athenaei.
1032 1470 1147 1538 deinde
1177 1471 1426 1537 contaminatam
1455 1490 1525 1538 esse

305 1599 376 1646 eam
399 1598 479 1663 quae
504 1597 602 1662 supra
631 1579 774 1660 exeripta
802 1584 853 1644 est
875 1580 975 1645 vitam
1004 1583 1102 1662 atque
1124 1576 1276 1644 Dioclem.
1323 1577 1394 1643 laus
1417 1583 1525 1643 autem

304 1687 515 1767 Antisthenis,
538 1704 621 1768 quae
636 1691 767 1768 praeter
783 1687 885 1769 ipsius
902 1686 1023 1768 scripta
1037 1683 1261 1766 Xenophontis
1280 1688 1313 1749 et
1328 1683 1526 1767 Theopompi

304 1793 487 1860 testimonio
512 1792 700 1872 adstruitur,
726 1811 764 1858 ex
786 1798 859 1858 utro
884 1798 1050 1860 auctorum
1073 1792 1260 1874 provenerit
1284 1793 1441 1858 incertum
1465 1797 1525 1858 est.

305 1902 362 1966 sed
385 1919 448 1966 non
472 1899 589 1966 desunt
613 1917 695 1981 quae
712 1917 783 1964 cum
798 1899 849 1964 his
874 1899 1076 1980 cohaereant,
1102 1898 1282 1964 sententiae
1299 1901 1406 1964 certae
1421 1895 1525 1963 feren-

305 2009 365 2074 dae
387 2009 512 2072 idonea.
560 2007 593 2070 in
613 2003 679 2077 fine
703 2006 785 2072 sexti
807 2006 883 2071 libri
906 2025 925 2071 a
948 2005 1292 2088 Diogenecommunia
1316 2005 1433 2087 cynicis
1449 2004 1525 2085 'pla-

305 2115 369 2181 cita
400 2116 609 2197 exponuntur.
672 2113 765 2180 valde
794 2113 959 2180 extollitur
994 2121 1102 2179 eorum
1136 2113 1297 2193 doctrina,
1333 2111 1525 2193 praesertim

304 2225 437 2304 propter
453 2221 556 2286 victus
573 2219 781 2286 sobrietatem
797 2226 830 2286 et
845 2223 1001 2304 rigorem;
1027 2221 1216 2287 documento
1234 2224 1310 2286 sunt
1324 2217 1524 2284 Antisthenis

305 2327 439 2409 scripta3
471 2327 631 2392 Zenonem
661 2326 703 2391 ad
736 2326 819 2392 hanc
852 2327 998 2410 regulam
1031 2327 1164 2409 vixisse,
1200 2328 1234 2392 in
1269 2326 1415 2392 doctrina
1447 2344 1524 2392 vero

303 2435 488 2499 Aristonem
513 2431 625 2498 Chium
654 2433 779 2514 cynicos
808 2439 951 2500 secutum
987 2452 1066 2500 esse.
1126 2434 1285 2500 excitatur
1313 2451 1394 2498 unus
1429 2433 1524 2499 testis

302 2541 431 2632 Diocles
462 2540 502 2604 de
533 2537 805 2621 apophthegmata
835 2541 1053 2622 Antisthenis
1090 2540 1176 2623 quod
1205 2539 1383 2623 adposuisti
1411 2559 1442 2621 p.
1469 2540 1520 2606 30,

302 2664 406 2728 neque
428 2645 555 2711 videtur
575 2645 703 2711 Diocles
726 2646 760 2711 in
783 2646 867 2712 hunc
890 2649 995 2714 locum
1012 2649 1209 2714 extrinsecus
1233 2644 1354 2727 inferri,
1380 2645 1437 2712 sed
1456 2645 1523 2710 ani-

302 2752 477 2818 maduertit
498 2750 659 2833 Diogenes
688 2769 722 2817 se
754 2753 839 2819 idem
867 2754 987 2820 dictum
1016 2760 1180 2837 tamquam
1205 2753 1402 2828 Socraticum
1425 2752 1523 2835 adpo·

303 2860 405 2925 suisse
428 2858 461 2922 Ii
484 2861 535 2939 21,
560 2859 670 2940 itaque
694 2878 767 2924 eum
790 2866 954 2928 auctorem
977 2881 1016 2928 ex
1039 2880 1101 2944 quo
1126 2861 1253 2928 omnino
1281 2859 1400 2942 pendet
1422 2860 1523 2925 nomi-

302 2947 368 3031 na't.
417 2965 541 3030 accedit
569 2967 655 3048 quod
681 2968 802 3049 placita
824 2969 985 3034 Aristonis
1012 2968 1148 3034 totidem
1175 2966 1281 3034 verbis
1304 2966 1441 3030 redeunt
1462 2965 1523 3032 vii

305 3073 377 3152 160,
411 3071 465 3137 ubi
500 3072 671 3154 vestigium
700 3074 822 3141 Dioclis
850 3075 915 3140 iam
947 3092 1045 3156 supra
1078 3073 1334 3139 monstravimus.
1385 3072 1522 3154 denique

303 3195 384 3258 quae
409 3177 449 3241 de
472 3177 559 3244 victu
584 3181 766 3262 cynicorum
789 3185 991 3262 exponuntur
1014 3197 1116 3261 prope
1131 3179 1249 3244 absunt
1273 3177 1312 3242 ab
1336 3177 1390 3244 illo
1406 3178 1522 3260 Epicu-

301 3302 430 3349 reorum
452 3285 632 3365 praeconio.
679 3304 743 3352 non
767 3305 880 3353 vereor
904 3287 1022 3352 crimen
1045 3265 1239 3352 temeritatis
1263 3285 1291 3350 si
1313 3284 1392 3350 haec
1416 3285 1523 3351 omnia

302 3390 407 3455 Diocli
430 3390 564 3456 vindico.
614 3394 756 3458 ceterum
790 3393 870 3458 illud
905 3411 1032 3475 quoque
1061 3391 1146 3474 quod
1168 3389 1362 3472 Respublica
1385 3391 1522 3458 Zenonis

301 3497 334 3560 in
359 3496 476 3578 cynicis
498 3494 714 3563 fundamentis
738 3504 826 3564 stare
849 3499 968 3565 dictum
993 3503 1043 3564 est
1059 3517 1079 3563 a
1093 3496 1205 3563 Diocle
1229 3496 1283 3581 (de
1300 3497 1522 3562 emendatione

302 3603 386 3667 enim
414 3621 478 3667 non
507 3602 633 3687 dubito)
662 3605 695 3669 in
724 3606 859 3672 Zenonis
887 3607 955 3672 vita
984 3605 1084 3686 redit,
1122 3603 1334 3684 extrinsecus
1364 3621 1382 3669 e
1409 3604 1521 3670 Diocle

303 3710 435 3792 scilicet,
460 3713 623 3777 contextui
646 3712 792 3793 inlatum,
816 3712 914 3779 viil
938 3707 995 3794 τὴν
1013 3711 1186 3777 Πολιτείαν
1209 3706 1311 3775 αὐτοῦ
1333 3706 1522 3797 γράψαντός

297 3827 385 3892 ’τινες
413 3815 524 3904 ἔλεγον
551 3818 723 3895 παίζοντες
746 3817 799 3884 ἐπὶ
822 3825 876 3905 τῆς
899 3819 957 3884 τοῦ
984 3814 1077 3892 κυνὸς
1100 3816 1271 3900 (Cratetis)
1299 3811 1397 3902 οὐράς
1420 3811 1521 3902 αὐτὴν

300 3921 489 4011 γεγράφθαι
497 3921 532 4006 ⁵).

301 4085 513 4096 ...—--—

373 4188 397 4258 5)
417 4187 479 4243 Scio
497 4187 581 4243 luisse
601 4188 648 4257 qui
666 4188 756 4242 iocum
779 4188 853 4242 hune
872 4187 1053 4266 corrigerent3
1079 4186 1127 4241 sed
1145 4200 1207 4240 cum
1229 4185 1392 4242 difficultate
1411 4187 1521 4244 evanuit

303 4279 384 4333 etiam
413 4277 497 4332 iocus.
543 4277 653 4347 scripsit
671 4277 746 4332 Zeno
765 4276 982 4346 Rempublicam‚
1008 4290 1062 4345 qua
1084 4275 1249 4344 pecudiarem
1271 4275 1438 4346 disciplinam
1458 4291 1520 4332 con-

303 4366 381 4434 didit,
401 4365 551 4436 discipulus
569 4366 711 4424 etiamtum
730 4365 856 4436 Cratetis,
878 4364 994 4421 necdum
1011 4363 1082 4421 liber
1101 4364 1135 4421 ab
1154 4365 1226 4421 omni
1245 4366 1341 4426 canina
1359 4365 1520 4422 inuerecun-
