3506 5272
339 500 381 566 84

457 674 523 730 Vita
541 674 680 730 Marciana
696 677 752 745 μδ
771 689 810 745 sq.
949 677 952 756 )
978 673 1212 744 olympiodori
1223 675 1408 731 commentis
1419 677 1555 748 Gorgiam.

339 786 419 870 πρὸς
433 785 593 850 δοκοῦντα
608 782 760 852 Πλάτωνι
776 783 921 868 μάχεται,
977 783 1099 870 δημον
1115 781 1216 851 αὖτόν
1239 785 1382 851 ἐπαινῶν
1398 787 1560 854 Πλάτωνα

339 887 423 955 ἄλλά
439 889 519 977 πρὸς
535 889 610 967 τούς
627 893 730 967 κακῶς
742 889 827 955 αὐτά
844 887 922 956 ὑπο·
977 889 1165 975 ἐγκωμιάζει
1188 890 1326 977 γράφων
1349 890 1460 969 οὕτως·

339 997 500 1078 λαβόντας
524 996 565 1072 ὥς
588 1003 642 1062 κα)
665 997 730 1063 κτλ.
756 997 922 1081 [secuntur
977 995 1100 1062 ‘slacio
1122 997 1153 1062 ri'
1176 998 1208 1073 ἐς
1237 996 1366 1065 κλεινὸν
1388 1006 1562 1089 Κεκροπλης

339 1123 378 1170 ex
402 1104 577 1171 Aristotele
602 1103 774 1188 excerpta}
977 1101 1139 1171 δάπεδον·

977 1207 1127 1296 οὗσεβέως
1147 1218 1262 1299 σεμνῆς
1282 1213 1388 1300 φιλλης
1410 1211 1561 1302 ἱδρύσατο

977 1321 1090 1403 βῶμον

978 1423 1097 1511 ἀνδρὸς
1120 1425 1159 1490 ὃν
1182 1421 1252 1492 οὐδ’
1278 1427 1380 1492 alvea
1402 1440 1483 1492 τοῖσι
1506 1453 1562 1492 κα-

979 1543 1062 1596 κοῖσι
1092 1536 1191 1615 θέμις
1213 1534 1291 1598 κτλ.’

431 1645 460 1707 2.
486 1641 612 1721 Anceps
635 1637 854 1722 Olympiodori
877 1641 998 1704 auctor.

431 1769 459 1814 a.
485 1748 636 1813 Nominat
659 1747 703 1831 [p.
730 1746 749 1812 8
772 1745 898 1829 Robbe]
930 1747 1000 1828 ipse
1026 1745 1307 1813 Ptolemaeum:
1343 1748 1397 1812 καὶ
1430 1748 1562 1831 τελευτᾷ

342 1855 408 1920 ἐκεῖ
434 1853 594 1942 διαθήκην
624 1855 786 1940 ἔγγραφον
809 1850 1013 1934 καταλιπών,
1037 1852 1056 1939 ἢ
1080 1856 1213 1940 φέρεται
1236 1852 1328 1942 παρά
1351 1879 1385 1919 τε
1401 1851 1562 1943 Ἀνδρο-

339 1967 430 2050 vlup
452 1969 506 2026 καλ
530 1962 765 2047 Πτολεμαίῳ
788 1961 870 2044 μετὰ
893 1961 951 2025 τὸν
971 1964 1096 2026 πίνακα
1110 1963 1177 2024 τῶν
1192 1957 1293 2027 αὐτοῦ
1308 1960 1563 2047 συγγραμμάτων

339 2069 393 2133 ἐπὶ
416 2069 537 2154 [παισὶ]
560 2071 621 2153 μὲν
643 2064 819 2154 Νικομάχῳ
843 2072 897 2130 καὶ
921 2064 1088 2149 uocata,
1118 2071 1257 2152 γνησίοις
1284 2068 1320 2132 δὲ
1342 2072 1509 2154 μαθηταῖς
1531 2118 1560 2133 ..

340 2174 543 2260 συντάγμασι
561 2175 595 2238 δὲ
616 2175 729 2257 χιλίοις
750 2169 808 2238 τὸν
824 2168 979 2260 ἀριθμόν.
1019 2172 1194 2239 Andronici
1218 2175 1383 2258 catalogus
1408 2179 1440 2241 et
1463 2179 1563 2241 testa·

342 2288 485 2350 mentum
507 2302 567 2365 per
589 2282 807 2348 Ptolemaeum
831 2279 872 2344 ad
895 2286 1043 2362 posteros
1066 2286 1290 2362 pervenerunt.

427 2391 457 2457 b.
484 2391 585 2470 Quam
601 2388 731 2471 scripsit
745 2387 999 2454 Ptolemaeus
1019 2389 1118 2454 vitam
1134 2390 1319 2470 Aristotelis
1336 2390 1376 2456 ab
1392 2387 1563 2474 Davide⁹³)

342 2499 541 2582 maximeque
557 2496 597 2562 ab
610 2495 770 2562 Arabibus
786 2492 1018 2582 excerptam⁰⁴)
1042 2515 1081 2560 ea
1095 2497 1191 2578 plane
1203 2499 1363 2563 consentit
1375 2517 1445 2564 cum
1458 2498 1563 2581 Olym-

343 2601 536 2690 piodoro⁹⁶):
549 2599 671 2690 hinc⁹⁰t
684 2603 784 2685 igitur
796 2603 973 2669 Ptolemaei
990 2603 1122 2685 scriptio
1139 2603 1232 2670 facile
1247 2606 1431 2687 recuperari
1445 2609 1562 2688 potest.

432 2733 458 2782 c.
483 2715 550 2779 Nec
583 2719 690 2778 tamen
725 2712 924 2793 spernendus
960 2715 1010 2776 est
1043 2711 1147 2777 David
1185 2711 1231 2795 [in
1251 2697 1496 2778 'commentario
1531 2713 1563 2777 in

345 2822 524 2904 categorias
558 2841 589 2903 p.
615 2821 683 2886 28a
716 2817 879 2902 Erculis]
915 2837 986 2883 cum
1020 2836 1133 2883 causas
1167 2838 1224 2884 cur
1257 2824 1308 2884 tot
1345 2825 1454 2886 essent
1489 2819 1565 2884 libri

345 2930 514 2996 Aristoteli
551 2927 632 2994 falso
670 2927 825 3008 adscripti
862 2932 1065 3008 pertractans
1108 2926 1326 3010 homonymias
1363 2930 1565 3011 potissimum

346 3037 456 3119 culpat
478 3040 630 3102 consueto
658 3035 841 3100 criticorum
868 3030 1068 3115 artificio⁰'):
1100 3039 1154 3099 sat
1184 3039 1396 3123 συγγραμέων
1426 3037 1486 3121 μὲν
1516 3033 1564 3100 ὅτι

417 3194 455 3266 93)
473 3195 506 3250 In
523 3192 681 3250 Aristotelis
699 3191 850 3262 categorias
869 3209 896 3261 p.
915 3193 958 3263 22,
979 3195 1010 3247 11
1030 3192 1154 3247 Brandis.

418 3283 456 3356 91)
473 3284 513 3339 Ol.
531 3284 583 3340 Ibn
611 3281 711 3337 Oseibn
739 3280 908 3352 [Aristotelis
933 3297 994 3350 opp.
1014 3281 1038 3336 V
1058 3297 1085 3350 p.
1112 3281 1200 3353 1469)
1227 3312 1261 3321 -
1284 3281 1412 3338 Ceterum
1429 3282 1567 3339 Dielosius

349 3373 429 3444 [mus.
447 3373 525 3428 rhen.
543 3371 636 3427 XXXI
657 3369 751 3442 [1816]
769 3387 797 3440 p.
809 3373 844 3428 45
857 3369 908 3442 sq.]
927 3370 962 3425 do
981 3370 1137 3426 Ptolemaeo
1155 3371 1303 3442 conspirat,
1321 3373 1354 3428 de
1374 3373 1566 3443 Olympiodoro

348 3469 381 3518 ut
399 3462 508 3519 videtur
525 3479 580 3518 non
598 3461 672 3516 item.

420 3550 457 3622 95)
475 3551 516 3606 cf.
534 3551 567 3606 A.
587 3549 703 3605 Mueller
721 3547 781 3604 ‘Die
799 3546 987 3618 griechischen
1011 3547 1191 3618 philosophen
1210 3550 1239 3604 in
1256 3549 1415 3606 arabischer
1433 3551 1568 3612 ucberlie-

349 3641 447 3711 lerung
465 3640 619 3711 [comment.
637 3637 865 3706 Bernhardyonac
884 3636 961 3691 Halis
982 3639 1049 3692 1872
1067 3653 1094 3706 p.
1114 3638 1146 3693 21
1167 3639 1226 3709 sq.].
1265 3639 1309 3694 Sic
1327 3640 1435 3709 incipit:
1455 3640 1500 3696 ‘So
1519 3641 1567 3694 be·

350 3730 455 3785 richtet
473 3729 645 3785 Ptolemaeus
664 3728 713 3783 der
731 3726 847 3797 lremde3
867 3743 897 3780 er
916 3731 988 3796 ssgt:
1008 3726 1058 3781 der
1075 3742 1154 3781 name
1179 3727 1268 3782 seiner
1286 3735 1388 3786 mutter
1406 3747 1461 3784 war
1479 3730 1568 3784 Phae·

351 3820 417 3876 stias
435 3819 491 3874 und
510 3819 549 3874 sie
568 3822 692 3873 stnmmte
711 3832 764 3871 von
782 3814 965 3884 Asclepiades’
985 3821 1037 3870 etc.

422 3907 460 3977 96)
476 3907 615 3976 Prompsit
643 3922 676 3961 ex
704 3904 890 3974 olympiodori
917 3911 1013 3960 contra
1038 3904 1188 3960 Aristidem
1217 3905 1373 3961 defensione
1400 3906 1568 3976 Philoponus

353 3997 491 4070 [Qiriyqosc
517 3999 565 4051 τοῦ
592 3995 746 4067 σοφωτάτου
770 3993 922 4049 Φιλοπόνου
950 3999 986 4056 εἰς
1014 3995 1060 4057 τὰς
1082 3999 1158 4051 πέντε
1182 3994 1275 4066 φωνάς
1294 3997 1456 4068 Πσρρκυρίοά
1473 4015 1499 4066 p.
1521 3997 1569 4054 llb

353 4089 457 4144 27-31
471 4084 598 4157 Braudis]
611 4091 639 4140 et
648 4085 737 4141 David
753 4085 957 4157 [apoleycipsvc
969 4085 1013 4151 τῆς
1024 4091 1179 4158 Πορφυρίων
1192 4084 1346 4157 εἷσαγωγῖγς’
1359 4103 1386 4154 p.
1396 4085 1445 4142 20¹³
1460 4089 1491 4142 17
1504 4088 1569 4157 sq.].

424 4174 460 4247 97)
478 4175 519 4230 Cf.
537 4174 622 4230 schol.
640 4174 675 4230 ad
694 4173 819 4244 Dionysii
837 4189 946 4242 mamm.
965 4189 992 4242 p.
1010 4175 1074 4230 785:
1094 4174 1149 4230 ἀλλ’
1168 4179 1221 4247 ἐρεῖ
1238 4193 1289 4236 τις·
1309 4176 1377 4245 πῶς
1402 4179 1459 4230 ἔτεϊ
1476 4177 1567 4249 ypap-

353 4285 426 4339 ματα
451 4265 579 4328 σώζονται
602 4263 775 4337 πρεσβύτερα;
801 4269 845 4318 καί
868 4284 960 4337 φαμεν
983 4261 1023 4319 ὅτι
1044 4262 1076 4319 τά
1095 4266 1146 4338 μὲν
1167 4263 1267 4320 τουτων
1285 4269 1461 4337 ἐψευσμένως
1481 4269 1571 4337 ἔχουσι

354 4355 415 4415 τοὺς
438 4353 553 4427 χρόνους
579 4353 616 4408 τὰ
644 4356 677 4408 cl
706 4358 874 4426 νεωτέρων
901 4355 1001 4408 τινῶν
1027 4355 1172 4427 ἐχόντων
1199 4352 1395 4428 ὁμωνυμίας
1421 4355 1482 4408 τῶν
1508 4375 1570 4409 πα-

354 4444 453 4498 λαιῶν
472 4445 528 4505 τὰς
545 4443 733 4517 ἐπιγραφάς
751 4448 888 4517 ἔχουσιν.
