<?xml version="1.0" encoding="UTF-8"?>
<!DOCTYPE html PUBLIC "-//W3C//DTD XHTML 1.0 Transitional//EN"
    "http://www.w3.org/TR/xhtml1/DTD/xhtml1-transitional.dtd">
<html xmlns="http://www.w3.org/1999/xhtml" xml:lang="en" lang="en">
 <head>
  <title>
</title>
<meta http-equiv="Content-Type" content="text/html;charset=utf-8" />
  <meta name='ocr-system' content='tesseract 3.04.00' />
  <meta name='ocr-capabilities' content='ocr_page ocr_carea ocr_par ocr_line ocrx_word'/>
</head>
<body>
  <div class='ocr_page' id='page_1' title='image "./debiographisgra00maasgoog_0026.png"; bbox 0 0 3516 5272; ppageno 0'>
   <div class='ocr_carea' id='block_1_1' title="bbox 1371 483 1410 545">
    <p class='ocr_par' dir='ltr' id='par_1_1' title="bbox 1371 483 1410 545">
     <span class='ocr_line' id='line_1_1' title="bbox 1371 483 1410 545; baseline 0 0"><span class='ocrx_word' id='word_1_1' title='bbox 1371 483 1410 545; x_wconf 83' lang='lat'>17</span> 
     </span>
    </p>
   </div>
   <div class='ocr_carea' id='block_1_2' title="bbox 189 659 1420 2661">
    <p class='ocr_par' dir='ltr' id='par_1_2' title="bbox 189 659 1420 2661">
     <span class='ocr_line' id='line_1_2' title="bbox 190 659 1413 744; baseline -0.003 -17"><span class='ocrx_word' id='word_1_2' title='bbox 190 661 365 744; x_wconf 85' lang='lat' dir='ltr'>Epicureos</span> <span class='ocrx_word' id='word_1_3' title='bbox 398 665 431 726; x_wconf 90' lang='lat' dir='ltr'>et</span> <span class='ocrx_word' id='word_1_4' title='bbox 464 659 568 742; x_wconf 91' lang='lat' dir='ltr'>ipsum</span> <span class='ocrx_word' id='word_1_5' title='bbox 597 659 769 742; x_wconf 76' lang='lat' dir='ltr'>Epicurum</span> <span class='ocrx_word' id='word_1_6' title='bbox 804 663 937 741; x_wconf 86' lang='lat' dir='ltr'>propter</span> <span class='ocrx_word' id='word_1_7' title='bbox 970 660 1233 726; x_wconf 81' lang='lat' dir='ltr'>contemnendam</span> <span class='ocrx_word' id='word_1_8' title='bbox 1268 660 1301 724; x_wconf 87' lang='lat' dir='ltr'>in</span> <span class='ocrx_word' id='word_1_9' title='bbox 1336 659 1413 726; x_wconf 85' lang='lat' dir='ltr'>scri-</span> 
     </span>
     <span class='ocr_line' id='line_1_3' title="bbox 189 765 1411 850; baseline -0.002 -16"><span class='ocrx_word' id='word_1_10' title='bbox 189 768 294 835; x_wconf 90' lang='lat' dir='ltr'>bendo</span> <span class='ocrx_word' id='word_1_11' title='bbox 322 767 483 850; x_wconf 84' lang='lat' dir='ltr'>ignaviam</span> <span class='ocrx_word' id='word_1_12' title='bbox 511 767 715 848; x_wconf 80' lang='lat' dir='ltr'>vituperavit.</span> <span class='ocrx_word' id='word_1_13' title='bbox 762 767 937 832; x_wconf 87' lang='lat' dir='ltr'>Praeterea</span> <span class='ocrx_word' id='word_1_14' title='bbox 966 767 1087 832; x_wconf 86' lang='lat' dir='ltr'>citandi</span> <span class='ocrx_word' id='word_1_15' title='bbox 1114 768 1198 832; x_wconf 90' lang='lat' dir='ltr'>ratio</span> <span class='ocrx_word' id='word_1_16' title='bbox 1227 765 1411 848; x_wconf 89' lang='lat' dir='ltr'>premenda.</span> 
     </span>
     <span class='ocr_line' id='line_1_4' title="bbox 192 873 1414 957; baseline -0.002 -17"><span class='ocrx_word' id='word_1_17' title='bbox 192 875 225 940; x_wconf 98' lang='lat' dir='ltr'>Si</span> <span class='ocrx_word' id='word_1_18' title='bbox 255 874 388 940; x_wconf 87' lang='lat' dir='ltr'>Aelius</span> <span class='ocrx_word' id='word_1_19' title='bbox 416 873 588 955; x_wconf 89' lang='lat' dir='ltr'>Dionysius</span> <span class='ocrx_word' id='word_1_20' title='bbox 616 873 894 938; x_wconf 85' lang='lat' dir='ltr'>Halicarnasensis</span> <span class='ocrx_word' id='word_1_21' title='bbox 925 876 1074 957; x_wconf 77' lang='grc' dir='ltr'><strong><em>μουσικῆς</em></strong></span> <span class='ocrx_word' id='word_1_22' title='bbox 1107 874 1248 957; x_wconf 68' lang='lat' dir='ltr'>irruptae</span> <span class='ocrx_word' id='word_1_23' title='bbox 1276 875 1414 956; x_wconf 87' lang='lat' dir='ltr'>scriptor</span> 
     </span>
     <span class='ocr_line' id='line_1_5' title="bbox 191 979 1413 1062; baseline 0 -17"><span class='ocrx_word' id='word_1_24' title='bbox 191 985 263 1046; x_wconf 89' lang='lat' dir='ltr'>erat</span> <span class='ocrx_word' id='word_1_25' title='bbox 294 979 522 1059; x_wconf 88' lang='lat' dir='ltr'>nominandus,</span> <span class='ocrx_word' id='word_1_26' title='bbox 561 998 617 1044; x_wconf 91' lang='lat' dir='ltr'>cur</span> <span class='ocrx_word' id='word_1_27' title='bbox 650 998 714 1046; x_wconf 88' lang='lat' dir='ltr'>non</span> <span class='ocrx_word' id='word_1_28' title='bbox 748 979 931 1044; x_wconf 88' lang='lat' dir='ltr'>nominatur</span> <span class='ocrx_word' id='word_1_29' title='bbox 965 979 1108 1044; x_wconf 75' lang='lat' dir='ltr'>diserte?</span> <span class='ocrx_word' id='word_1_30' title='bbox 1165 979 1286 1045; x_wconf 81' lang='lat' dir='ltr'>Contra</span> <span class='ocrx_word' id='word_1_31' title='bbox 1319 981 1413 1062; x_wconf 86' lang='lat' dir='ltr'>vulgo</span> 
     </span>
     <span class='ocr_line' id='line_1_6' title="bbox 191 1086 1415 1169; baseline 0 -17"><span class='ocrx_word' id='word_1_32' title='bbox 191 1089 345 1154; x_wconf 87' lang='lat' dir='ltr'>maiorem</span> <span class='ocrx_word' id='word_1_33' title='bbox 359 1087 548 1169; x_wconf 88' lang='lat' dir='ltr'>Dionysium</span> <span class='ocrx_word' id='word_1_34' title='bbox 572 1087 674 1151; x_wconf 89' lang='lat' dir='ltr'>citant</span> <span class='ocrx_word' id='word_1_35' title='bbox 695 1087 737 1151; x_wconf 88' lang='lat' dir='ltr'>ad</span> <span class='ocrx_word' id='word_1_36' title='bbox 752 1086 876 1153; x_wconf 86' lang='lat' dir='ltr'>Laertii</span> <span class='ocrx_word' id='word_1_37' title='bbox 900 1086 1087 1167; x_wconf 87' lang='lat' dir='ltr'>exemplum.</span> <span class='ocrx_word' id='word_1_38' title='bbox 1107 1121 1147 1132; x_wconf 92' lang='grc'>--</span> <span class='ocrx_word' id='word_1_39' title='bbox 1173 1086 1241 1150; x_wconf 90' lang='lat' dir='ltr'>lam</span> <span class='ocrx_word' id='word_1_40' title='bbox 1265 1088 1415 1168; x_wconf 88' lang='lat' dir='ltr'>quoniam</span> 
     </span>
     <span class='ocr_line' id='line_1_7' title="bbox 191 1192 1414 1276; baseline 0 -18"><span class='ocrx_word' id='word_1_41' title='bbox 191 1200 371 1275; x_wconf 88' lang='lat' dir='ltr'>temporum</span> <span class='ocrx_word' id='word_1_42' title='bbox 409 1193 488 1259; x_wconf 88' lang='lat' dir='ltr'>ordo</span> <span class='ocrx_word' id='word_1_43' title='bbox 522 1193 556 1256; x_wconf 90' lang='lat' dir='ltr'>in</span> <span class='ocrx_word' id='word_1_44' title='bbox 592 1192 857 1258; x_wconf 84' lang='lat' dir='ltr'>calumniatorum</span> <span class='ocrx_word' id='word_1_45' title='bbox 891 1209 1024 1258; x_wconf 86' lang='lat' dir='ltr'>numero</span> <span class='ocrx_word' id='word_1_46' title='bbox 1060 1197 1207 1258; x_wconf 84' lang='lat' dir='ltr'>servatur</span> <span class='ocrx_word' id='word_1_47' title='bbox 1242 1193 1414 1276; x_wconf 89' lang='lat' dir='ltr'>[Dictimus</span> 
     </span>
     <span class='ocr_line' id='line_1_8' title="bbox 192 1284 1415 1381; baseline -0.002 -15"><span class='ocrx_word' id='word_1_48' title='bbox 192 1301 277 1366; x_wconf 90' lang='lat' dir='ltr'>enim</span> <span class='ocrx_word' id='word_1_49' title='bbox 304 1305 338 1366; x_wconf 84' lang='lat' dir='ltr'>et</span> <span class='ocrx_word' id='word_1_50' title='bbox 360 1295 586 1381; x_wconf 83' lang='lat' dir='ltr'>Posidonius⁹)</span> <span class='ocrx_word' id='word_1_51' title='bbox 612 1299 719 1364; x_wconf 87' lang='lat' dir='ltr'>Sullae</span> <span class='ocrx_word' id='word_1_52' title='bbox 748 1303 856 1364; x_wconf 88' lang='lat' dir='ltr'>aetate</span> <span class='ocrx_word' id='word_1_53' title='bbox 885 1302 992 1378; x_wconf 90' lang='lat' dir='ltr'>erant,</span> <span class='ocrx_word' id='word_1_54' title='bbox 1022 1284 1173 1364; x_wconf 80' lang='lat' dir='ltr'>Nicotaus</span> <span class='ocrx_word' id='word_1_55' title='bbox 1197 1300 1415 1365; x_wconf 87' lang='lat' dir='ltr'>Damascenus</span> 
     </span>
     <span class='ocr_line' id='line_1_9' title="bbox 192 1405 1416 1490; baseline -0.002 -18"><span class='ocrx_word' id='word_1_56' title='bbox 192 1424 218 1472; x_wconf 91' lang='lat' dir='ltr'>c.</span> <span class='ocrx_word' id='word_1_57' title='bbox 249 1409 305 1486; x_wconf 83' lang='lat'>64,</span> <span class='ocrx_word' id='word_1_58' title='bbox 350 1407 524 1490; x_wconf 87' lang='lat' dir='ltr'>Dionysius</span> <span class='ocrx_word' id='word_1_59' title='bbox 562 1423 588 1472; x_wconf 91' lang='lat' dir='ltr'>c.</span> <span class='ocrx_word' id='word_1_60' title='bbox 620 1406 661 1470; x_wconf 84' lang='lat'>55</span> <span class='ocrx_word' id='word_1_61' title='bbox 709 1405 813 1470; x_wconf 88' lang='lat' dir='ltr'>lucem</span> <span class='ocrx_word' id='word_1_62' title='bbox 856 1405 1100 1489; x_wconf 57' lang='lat' dir='ltr'>desponsanta</span> <span class='ocrx_word' id='word_1_63' title='bbox 1145 1405 1235 1472; x_wconf 88' lang='lat' dir='ltr'>Satio</span> <span class='ocrx_word' id='word_1_64' title='bbox 1281 1405 1336 1470; x_wconf 92' lang='lat' dir='ltr'>ille</span> <span class='ocrx_word' id='word_1_65' title='bbox 1382 1406 1416 1470; x_wconf 93' lang='lat' dir='ltr'>in</span> 
     </span>
     <span class='ocr_line' id='line_1_10' title="bbox 193 1511 1416 1594; baseline -0.001 -17"><span class='ocrx_word' id='word_1_66' title='bbox 193 1512 318 1578; x_wconf 88' lang='lat' dir='ltr'>Nicolai</span> <span class='ocrx_word' id='word_1_67' title='bbox 362 1517 396 1578; x_wconf 90' lang='lat' dir='ltr'>et</span> <span class='ocrx_word' id='word_1_68' title='bbox 431 1512 578 1594; x_wconf 89' lang='lat' dir='ltr'>Dionysii</span> <span class='ocrx_word' id='word_1_69' title='bbox 615 1511 730 1580; x_wconf 88' lang='lat' dir='ltr'>incidit</span> <span class='ocrx_word' id='word_1_70' title='bbox 767 1515 918 1576; x_wconf 90' lang='lat' dir='ltr'>aetatem.</span> <span class='ocrx_word' id='word_1_71' title='bbox 979 1511 1079 1594; x_wconf 84' lang='lat' dir='ltr'>Atqui</span> <span class='ocrx_word' id='word_1_72' title='bbox 1118 1512 1261 1577; x_wconf 89' lang='lat' dir='ltr'>eiusdem</span> <span class='ocrx_word' id='word_1_73' title='bbox 1298 1512 1416 1576; x_wconf 86' lang='lat' dir='ltr'>aetatis</span> 
     </span>
     <span class='ocr_line' id='line_1_11' title="bbox 193 1614 1416 1702; baseline -0.003 -16"><span class='ocrx_word' id='word_1_74' title='bbox 193 1618 357 1686; x_wconf 86' lang='lat' dir='ltr'>Sotionem</span> <span class='ocrx_word' id='word_1_75' title='bbox 367 1614 407 1702; x_wconf 80' lang='lat'>¹.⁰)</span> <span class='ocrx_word' id='word_1_76' title='bbox 441 1619 586 1683; x_wconf 89' lang='lat' dir='ltr'>novimus</span> <span class='ocrx_word' id='word_1_77' title='bbox 615 1618 801 1684; x_wconf 80' lang='lat' dir='ltr'>Sentianum</span> <span class='ocrx_word' id='word_1_78' title='bbox 836 1618 976 1684; x_wconf 79' lang='lat' dir='ltr'>Senecae</span> <span class='ocrx_word' id='word_1_79' title='bbox 1009 1617 1194 1700; x_wconf 83' lang='lat' dir='ltr'>philosophi</span> <span class='ocrx_word' id='word_1_80' title='bbox 1226 1618 1416 1698; x_wconf 83' lang='lat' dir='ltr'>magistrum</span> 
     </span>
     <span class='ocr_line' id='line_1_12' title="bbox 194 1724 1417 1808; baseline 0 -18"><span class='ocrx_word' id='word_1_81' title='bbox 194 1724 247 1808; x_wconf 88' lang='lat' dir='ltr'>[ci.</span> <span class='ocrx_word' id='word_1_82' title='bbox 278 1743 327 1807; x_wconf 87' lang='lat' dir='ltr'>cp.</span> <span class='ocrx_word' id='word_1_83' title='bbox 352 1726 409 1806; x_wconf 82' lang='lat'>49,</span> <span class='ocrx_word' id='word_1_84' title='bbox 440 1728 470 1789; x_wconf 82' lang='lat'>2.</span> <span class='ocrx_word' id='word_1_85' title='bbox 522 1724 746 1791; x_wconf 80' lang='lat' dir='ltr'>Niciascheum</span> <span class='ocrx_word' id='word_1_86' title='bbox 779 1744 811 1806; x_wconf 93' lang='lat' dir='ltr'>p.</span> <span class='ocrx_word' id='word_1_87' title='bbox 838 1725 916 1808; x_wconf 87' lang='grc'><strong>639]</strong></span> <span class='ocrx_word' id='word_1_88' title='bbox 952 1725 992 1789; x_wconf 90' lang='lat' dir='ltr'>de</span> <span class='ocrx_word' id='word_1_89' title='bbox 1022 1725 1202 1791; x_wconf 88' lang='lat' dir='ltr'>Stoicorum</span> <span class='ocrx_word' id='word_1_90' title='bbox 1235 1725 1417 1806; x_wconf 86' lang='lat' dir='ltr'>praeceptis</span> 
     </span>
     <span class='ocr_line' id='line_1_13' title="bbox 194 1830 1417 1916; baseline 0 -20"><span class='ocrx_word' id='word_1_91' title='bbox 194 1831 306 1896; x_wconf 88' lang='lat' dir='ltr'>ethicis</span> <span class='ocrx_word' id='word_1_92' title='bbox 330 1831 530 1913; x_wconf 86' lang='lat' dir='ltr'>scriptorem,</span> <span class='ocrx_word' id='word_1_93' title='bbox 554 1831 642 1896; x_wconf 90' lang='lat' dir='ltr'>velut</span> <span class='ocrx_word' id='word_1_94' title='bbox 666 1832 705 1896; x_wconf 92' lang='lat' dir='ltr'>de</span> <span class='ocrx_word' id='word_1_95' title='bbox 720 1832 771 1896; x_wconf 90' lang='lat' dir='ltr'>ira</span> <span class='ocrx_word' id='word_1_96' title='bbox 794 1830 846 1914; x_wconf 89' lang='lat' dir='ltr'>[oi.</span> <span class='ocrx_word' id='word_1_97' title='bbox 864 1830 1090 1897; x_wconf 86' lang='lat' dir='ltr'>Nietzsoheum</span> <span class='ocrx_word' id='word_1_98' title='bbox 1105 1831 1180 1916; x_wconf 90' lang='lat' dir='ltr'>ib.]:</span> <span class='ocrx_word' id='word_1_99' title='bbox 1206 1832 1283 1913; x_wconf 90' lang='lat' dir='ltr'>quid</span> <span class='ocrx_word' id='word_1_100' title='bbox 1299 1831 1417 1896; x_wconf 89' lang='lat' dir='ltr'>certius</span> 
     </span>
     <span class='ocr_line' id='line_1_14' title="bbox 194 1932 1417 2021; baseline -0.001 -18"><span class='ocrx_word' id='word_1_101' title='bbox 194 1956 290 2021; x_wconf 91' lang='lat' dir='ltr'>quam</span> <span class='ocrx_word' id='word_1_102' title='bbox 313 1932 418 2020; x_wconf 77' lang='grc' dir='ltr'><strong><em>ἀκμήν</em></strong></span> <span class='ocrx_word' id='word_1_103' title='bbox 431 1937 552 2004; x_wconf 86' lang='lat' dir='ltr'>Dioclis</span> <span class='ocrx_word' id='word_1_104' title='bbox 568 1937 732 2002; x_wconf 90' lang='lat' dir='ltr'>Posidonii</span> <span class='ocrx_word' id='word_1_105' title='bbox 755 1942 789 2002; x_wconf 90' lang='lat' dir='ltr'>et</span> <span class='ocrx_word' id='word_1_106' title='bbox 805 1937 946 2004; x_wconf 86' lang='lat' dir='ltr'>Sotionis</span> <span class='ocrx_word' id='word_1_107' title='bbox 969 1939 1123 2004; x_wconf 89' lang='lat' dir='ltr'>memoria</span> <span class='ocrx_word' id='word_1_108' title='bbox 1145 1937 1417 2020; x_wconf 89' lang='lat' dir='ltr'>circumscriptam</span> 
     </span>
     <span class='ocr_line' id='line_1_15' title="bbox 194 2042 807 2110; baseline -0.003 0"><span class='ocrx_word' id='word_1_109' title='bbox 194 2062 220 2110; x_wconf 88' lang='lat' dir='ltr'>c.</span> <span class='ocrx_word' id='word_1_110' title='bbox 247 2046 288 2110; x_wconf 90' lang='grc'>60</span> <span class='ocrx_word' id='word_1_111' title='bbox 312 2062 340 2110; x_wconf 87' lang='lat' dir='ltr'>a.</span> <span class='ocrx_word' id='word_1_112' title='bbox 367 2042 439 2110; x_wconf 81' lang='lat' dir='ltr'>Chr.</span> <span class='ocrx_word' id='word_1_113' title='bbox 465 2061 536 2109; x_wconf 88' lang='lat' dir='ltr'>esse</span> <span class='ocrx_word' id='word_1_114' title='bbox 560 2043 807 2110; x_wconf 77' lang='lat' dir='ltr'>comedendam?</span> 
     </span>
     <span class='ocr_line' id='line_1_16' title="bbox 284 2150 1417 2234; baseline 0 -18"><span class='ocrx_word' id='word_1_115' title='bbox 284 2151 318 2234; x_wconf 87' lang='lat'>3)</span> <span class='ocrx_word' id='word_1_116' title='bbox 353 2151 433 2218; x_wconf 88' lang='lat' dir='ltr'>Rem</span> <span class='ocrx_word' id='word_1_117' title='bbox 471 2155 592 2216; x_wconf 89' lang='lat' dir='ltr'>certam</span> <span class='ocrx_word' id='word_1_118' title='bbox 628 2150 726 2216; x_wconf 84' lang='lat' dir='ltr'>tertio</span> <span class='ocrx_word' id='word_1_119' title='bbox 765 2151 975 2216; x_wconf 88' lang='lat' dir='ltr'>communiam</span> <span class='ocrx_word' id='word_1_120' title='bbox 1012 2157 1210 2233; x_wconf 80' lang='lat' dir='ltr'>argumento.</span> <span class='ocrx_word' id='word_1_121' title='bbox 1269 2150 1417 2218; x_wconf 87' lang='lat' dir='ltr'>Laertius</span> 
     </span>
     <span class='ocr_line' id='line_1_17' title="bbox 194 2257 975 2340; baseline 0 -18"><span class='ocrx_word' id='word_1_122' title='bbox 194 2257 370 2339; x_wconf 91' lang='lat' dir='ltr'>Menippi</span> <span class='ocrx_word' id='word_1_123' title='bbox 394 2257 519 2340; x_wconf 86' lang='lat' dir='ltr'>cynici</span> <span class='ocrx_word' id='word_1_124' title='bbox 542 2257 643 2323; x_wconf 89' lang='lat' dir='ltr'>vitam</span> <span class='ocrx_word' id='word_1_125' title='bbox 666 2257 712 2322; x_wconf 91' lang='lat' dir='ltr'>sio</span> <span class='ocrx_word' id='word_1_126' title='bbox 735 2257 849 2338; x_wconf 85' lang='lat' dir='ltr'>incipit</span> <span class='ocrx_word' id='word_1_127' title='bbox 872 2258 917 2324; x_wconf 89' lang='lat' dir='ltr'>Vl</span> <span class='ocrx_word' id='word_1_128' title='bbox 940 2259 975 2322; x_wconf 89' lang='lat'>8:</span> 
     </span>
     <span class='ocr_line' id='line_1_18' title="bbox 239 2358 1418 2448; baseline -0.001 -20"><span class='ocrx_word' id='word_1_129' title='bbox 239 2366 430 2437; x_wconf 79' lang='grc' dir='ltr'><strong><em>Μένιππος·</em></strong></span> <span class='ocrx_word' id='word_1_130' title='bbox 466 2363 521 2428; x_wconf 72' lang='grc' dir='ltr'>καὶ</span> <span class='ocrx_word' id='word_1_131' title='bbox 554 2358 644 2438; x_wconf 83' lang='grc' dir='ltr'><strong><em>οὗτος</em></strong></span> <span class='ocrx_word' id='word_1_132' title='bbox 676 2360 815 2446; x_wconf 86' lang='grc' dir='ltr'><strong><em>ιιννιιιός,</em></strong></span> <span class='ocrx_word' id='word_1_133' title='bbox 849 2361 886 2428; x_wconf 81' lang='grc' dir='ltr'><strong><em>τὸ</em></strong></span> <span class='ocrx_word' id='word_1_134' title='bbox 916 2359 1080 2429; x_wconf 70' lang='grc' dir='ltr'><strong><em>ἀνέκαθεν</em></strong></span> <span class='ocrx_word' id='word_1_135' title='bbox 1112 2361 1153 2448; x_wconf 79' lang='grc' dir='ltr'>ἦν</span> <span class='ocrx_word' id='word_1_136' title='bbox 1177 2365 1308 2446; x_wconf 73' lang='grc' dir='ltr'><strong><em>Φοῖνιξ,</em></strong></span> <span class='ocrx_word' id='word_1_137' title='bbox 1343 2362 1418 2427; x_wconf 81' lang='grc' dir='ltr'><strong><em>δοῦ-</em></strong></span> 
     </span>
     <span class='ocr_line' id='line_1_19' title="bbox 195 2466 1418 2555; baseline 0 -21"><span class='ocrx_word' id='word_1_138' title='bbox 195 2469 264 2552; x_wconf 77' lang='grc' dir='ltr'><strong><em>λος,</em></strong></span> <span class='ocrx_word' id='word_1_139' title='bbox 308 2468 351 2544; x_wconf 78' lang='grc' dir='ltr'>ὥς</span> <span class='ocrx_word' id='word_1_140' title='bbox 389 2486 487 2555; x_wconf 81' lang='grc' dir='ltr'><strong><em>φησιν</em></strong></span> <span class='ocrx_word' id='word_1_141' title='bbox 515 2466 666 2550; x_wconf 78' lang='grc' dir='ltr'><strong><em>Ἀχαϊκὸς</em></strong></span> <span class='ocrx_word' id='word_1_142' title='bbox 702 2468 738 2535; x_wconf 74' lang='grc' dir='ltr'>ἐν</span> <span class='ocrx_word' id='word_1_143' title='bbox 771 2468 927 2544; x_wconf 70' lang='grc' dir='ltr'><strong><em>Ἠθικοῖς.</em></strong></span> <span class='ocrx_word' id='word_1_144' title='bbox 992 2469 1158 2554; x_wconf 79' lang='grc' dir='ltr'><strong><em>Διοκλῆς</em></strong></span> <span class='ocrx_word' id='word_1_145' title='bbox 1195 2468 1232 2532; x_wconf 80' lang='grc' dir='ltr'>δὲ</span> <span class='ocrx_word' id='word_1_146' title='bbox 1270 2474 1323 2532; x_wconf 76' lang='grc' dir='ltr'>καὶ</span> <span class='ocrx_word' id='word_1_147' title='bbox 1361 2468 1418 2534; x_wconf 88' lang='grc' dir='ltr'><strong><em>τὸν</em></strong></span> 
     </span>
     <span class='ocr_line' id='line_1_20' title="bbox 195 2571 1420 2661; baseline -0.002 -21"><span class='ocrx_word' id='word_1_148' title='bbox 195 2575 356 2661; x_wconf 73' lang='grc' dir='ltr'><em>δεσπότην</em></span> <span class='ocrx_word' id='word_1_149' title='bbox 378 2571 479 2641; x_wconf 76' lang='grc' dir='ltr'><strong><em>αὐτοῦ</em></strong></span> <span class='ocrx_word' id='word_1_150' title='bbox 498 2573 656 2641; x_wconf 75' lang='grc' dir='ltr'><strong><em>Ποντικόν</em></strong></span> <span class='ocrx_word' id='word_1_151' title='bbox 678 2578 764 2642; x_wconf 70' lang='grc' dir='ltr'><strong><em>εἶναι</em></strong></span> <span class='ocrx_word' id='word_1_152' title='bbox 785 2581 839 2640; x_wconf 79' lang='grc' dir='ltr'>καὶ</span> <span class='ocrx_word' id='word_1_153' title='bbox 854 2573 994 2642; x_wconf 77' lang='grc' dir='ltr'><strong><em>Βάτωνα</em></strong></span> <span class='ocrx_word' id='word_1_154' title='bbox 1015 2576 1204 2642; x_wconf 71' lang='grc' dir='ltr'><strong><em>καλεῖσθαι·</em></strong></span> <span class='ocrx_word' id='word_1_155' title='bbox 1229 2571 1420 2661; x_wconf 73' lang='grc' dir='ltr'><strong><em>ἀτηρότερον</em></strong></span> 
     </span>
    </p>
   </div>
   <div class='ocr_carea' id='block_1_3' title="bbox 196 2680 1420 2770">
    <p class='ocr_par' dir='ltr' id='par_1_3' title="bbox 196 2680 1420 2770">
     <span class='ocr_line' id='line_1_21' title="bbox 196 2680 1420 2770; baseline -0.001 -24"><span class='ocrx_word' id='word_1_156' title='bbox 196 2681 225 2746; x_wconf 86' lang='grc' dir='ltr'>δ’</span> <span class='ocrx_word' id='word_1_157' title='bbox 254 2681 373 2747; x_wconf 77' lang='grc' dir='ltr'><strong><em>αἰτῶν</em></strong></span> <span class='ocrx_word' id='word_1_158' title='bbox 402 2681 455 2766; x_wconf 77' lang='lat' dir='ltr'>[i]</span> <span class='ocrx_word' id='word_1_159' title='bbox 478 2680 541 2748; x_wconf 75' lang='grc' dir='ltr'>ὑπὸ</span> <span class='ocrx_word' id='word_1_160' title='bbox 569 2681 785 2768; x_wconf 81' lang='grc' dir='ltr'><strong><em>φιλαργυρίας</em></strong></span> <span class='ocrx_word' id='word_1_161' title='bbox 813 2683 924 2764; x_wconf 78' lang='grc' dir='ltr'><strong><em>ἴσχυσε</em></strong></span> <span class='ocrx_word' id='word_1_162' title='bbox 952 2684 1096 2768; x_wconf 77' lang='grc' dir='ltr'><strong><em>Θηβαῖος</em></strong></span> <span class='ocrx_word' id='word_1_163' title='bbox 1121 2685 1293 2763; x_wconf 76' lang='grc' dir='ltr'><strong><em>γενέσθαι·</em></strong></span> <span class='ocrx_word' id='word_1_164' title='bbox 1329 2686 1420 2770; x_wconf 78' lang='grc' dir='ltr'><strong><em>φέρει</em></strong></span> 
     </span>
    </p>
   </div>
   <div class='ocr_carea' id='block_1_4' title="bbox 197 2978 1424 4290">
    <p class='ocr_par' dir='ltr' id='par_1_4' title="bbox 198 2978 1419 3226">
     <span class='ocr_line' id='line_1_22' title="bbox 269 2978 1419 3050; baseline -0.001 -17"><span class='ocrx_word' id='word_1_165' title='bbox 269 2978 293 3050; x_wconf 77' lang='grc'>9)</span> <span class='ocrx_word' id='word_1_166' title='bbox 310 2979 499 3048; x_wconf 86' lang='lat' dir='ltr'>Posidonium,</span> <span class='ocrx_word' id='word_1_167' title='bbox 530 2995 585 3034; x_wconf 91' lang='lat' dir='ltr'>non</span> <span class='ocrx_word' id='word_1_168' title='bbox 611 2978 751 3034; x_wconf 86' lang='lat' dir='ltr'>Posidonii</span> <span class='ocrx_word' id='word_1_169' title='bbox 782 2979 932 3050; x_wconf 90' lang='lat' dir='ltr'>discipulos</span> <span class='ocrx_word' id='word_1_170' title='bbox 961 2980 1050 3049; x_wconf 87' lang='lat' dir='ltr'>tangit</span> <span class='ocrx_word' id='word_1_171' title='bbox 1079 2979 1220 3035; x_wconf 84' lang='lat' dir='ltr'>Laertius:</span> <span class='ocrx_word' id='word_1_172' title='bbox 1249 2979 1317 3034; x_wconf 88' lang='lat' dir='ltr'>ialso</span> <span class='ocrx_word' id='word_1_173' title='bbox 1347 2978 1419 3034; x_wconf 92' lang='lat' dir='ltr'>enim</span> 
     </span>
     <span class='ocr_line' id='line_1_23' title="bbox 198 3065 1418 3139; baseline -0.004 -16"><span class='ocrx_word' id='word_1_174' title='bbox 198 3069 379 3124; x_wconf 86' lang='lat' dir='ltr'>Nietzscheus</span> <span class='ocrx_word' id='word_1_175' title='bbox 401 3068 481 3136; x_wconf 89' lang='lat' dir='ltr'>[mus.</span> <span class='ocrx_word' id='word_1_176' title='bbox 499 3067 577 3122; x_wconf 86' lang='lat' dir='ltr'>rhen.</span> <span class='ocrx_word' id='word_1_177' title='bbox 590 3065 684 3121; x_wconf 90' lang='lat' dir='ltr'>XXHI</span> <span class='ocrx_word' id='word_1_178' title='bbox 695 3084 722 3137; x_wconf 94' lang='lat' dir='ltr'>p.</span> <span class='ocrx_word' id='word_1_179' title='bbox 736 3067 799 3138; x_wconf 82' lang='lat'><strong>639]</strong></span> <span class='ocrx_word' id='word_1_180' title='bbox 819 3069 1016 3136; x_wconf 87' lang='lat' dir='ltr'>interpretatur</span> <span class='ocrx_word' id='word_1_181' title='bbox 1035 3071 1061 3122; x_wconf 82' lang='lat' dir='ltr'>oi</span> <span class='ocrx_word' id='word_1_182' title='bbox 1078 3071 1140 3139; x_wconf 78' lang='grc' dir='ltr'><strong><em>περὶ</em></strong></span> <span class='ocrx_word' id='word_1_183' title='bbox 1157 3069 1343 3122; x_wconf 77' lang='grc' dir='ltr'><strong><em>Ποσειδώνιον.</em></strong></span> <span class='ocrx_word' id='word_1_184' title='bbox 1371 3066 1418 3136; x_wconf 84' lang='lat' dir='ltr'>[ci.</span> 
     </span>
     <span class='ocr_line' id='line_1_24' title="bbox 198 3155 1419 3226; baseline -0.004 -14"><span class='ocrx_word' id='word_1_185' title='bbox 198 3158 286 3212; x_wconf 88' lang='lat' dir='ltr'>Lehrs</span> <span class='ocrx_word' id='word_1_186' title='bbox 305 3162 410 3224; x_wconf 86' lang='lat' dir='ltr'>quaest.</span> <span class='ocrx_word' id='word_1_187' title='bbox 430 3171 472 3225; x_wconf 91' lang='lat' dir='ltr'>ep.</span> <span class='ocrx_word' id='word_1_188' title='bbox 491 3171 518 3224; x_wconf 93' lang='lat' dir='ltr'>p.</span> <span class='ocrx_word' id='word_1_189' title='bbox 537 3157 571 3212; x_wconf 80' lang='lat'>28</span> <span class='ocrx_word' id='word_1_190' title='bbox 588 3171 624 3223; x_wconf 84' lang='lat' dir='ltr'>n,</span> <span class='ocrx_word' id='word_1_191' title='bbox 643 3155 764 3211; x_wconf 87' lang='lat' dir='ltr'>Beccard</span> <span class='ocrx_word' id='word_1_192' title='bbox 783 3157 817 3212; x_wconf 90' lang='lat' dir='ltr'>de</span> <span class='ocrx_word' id='word_1_193' title='bbox 836 3157 920 3212; x_wconf 85' lang='lat' dir='ltr'>schol.</span> <span class='ocrx_word' id='word_1_194' title='bbox 939 3157 968 3210; x_wconf 91' lang='lat' dir='ltr'>in</span> <span class='ocrx_word' id='word_1_195' title='bbox 985 3157 1097 3212; x_wconf 87' lang='lat' dir='ltr'>Homeri</span> <span class='ocrx_word' id='word_1_196' title='bbox 1116 3156 1228 3212; x_wconf 89' lang='lat' dir='ltr'>Iliadem</span> <span class='ocrx_word' id='word_1_197' title='bbox 1247 3173 1273 3226; x_wconf 92' lang='lat' dir='ltr'>p.</span> <span class='ocrx_word' id='word_1_198' title='bbox 1293 3157 1326 3211; x_wconf 75' lang='lat'>22</span> <span class='ocrx_word' id='word_1_199' title='bbox 1340 3156 1419 3226; x_wconf 80' lang='lat' dir='ltr'>sqq.].</span> 
     </span>
    </p>

    <p class='ocr_par' dir='ltr' id='par_1_5' title="bbox 197 3243 1424 4290">
     <span class='ocr_line' id='line_1_25' title="bbox 271 3243 1420 3317; baseline 0 -19"><span class='ocrx_word' id='word_1_200' title='bbox 271 3245 307 3316; x_wconf 87' lang='lat'>1⁰)</span> <span class='ocrx_word' id='word_1_201' title='bbox 327 3245 482 3300; x_wconf 85' lang='lat' dir='ltr'>Heckerum</span> <span class='ocrx_word' id='word_1_202' title='bbox 510 3251 538 3299; x_wconf 87' lang='lat' dir='ltr'>et</span> <span class='ocrx_word' id='word_1_203' title='bbox 564 3244 806 3304; x_wconf 83' lang='lat' dir='ltr'>Pauzerbieterum</span> <span class='ocrx_word' id='word_1_204' title='bbox 831 3243 864 3300; x_wconf 89' lang='lat' dir='ltr'>de</span> <span class='ocrx_word' id='word_1_205' title='bbox 886 3251 980 3301; x_wconf 86' lang='lat' dir='ltr'>vetere</span> <span class='ocrx_word' id='word_1_206' title='bbox 1001 3245 1049 3300; x_wconf 94' lang='lat' dir='ltr'>illo</span> <span class='ocrx_word' id='word_1_207' title='bbox 1073 3247 1210 3317; x_wconf 73' lang='grc' dir='ltr'><strong><em>διαδοχῶν</em></strong></span> <span class='ocrx_word' id='word_1_208' title='bbox 1232 3245 1365 3315; x_wconf 89' lang='lat' dir='ltr'>scriptore</span> <span class='ocrx_word' id='word_1_209' title='bbox 1386 3244 1420 3316; x_wconf 89' lang='lat' dir='ltr'>[c.</span> 
     </span>
     <span class='ocr_line' id='line_1_26' title="bbox 200 3332 1421 3407; baseline -0.002 -17"><span class='ocrx_word' id='word_1_210' title='bbox 200 3337 251 3390; x_wconf 88' lang='lat'>180</span> <span class='ocrx_word' id='word_1_211' title='bbox 269 3350 294 3390; x_wconf 87' lang='lat' dir='ltr'>a.</span> <span class='ocrx_word' id='word_1_212' title='bbox 314 3333 388 3402; x_wconf 78' lang='lat' dir='ltr'>Cha]</span> <span class='ocrx_word' id='word_1_213' title='bbox 413 3332 565 3402; x_wconf 80' lang='lat' dir='ltr'>cogitantes</span> <span class='ocrx_word' id='word_1_214' title='bbox 583 3333 764 3390; x_wconf 87' lang='lat' dir='ltr'>Nietzscheus</span> <span class='ocrx_word' id='word_1_215' title='bbox 783 3334 915 3389; x_wconf 88' lang='lat' dir='ltr'>refutavit</span> <span class='ocrx_word' id='word_1_216' title='bbox 933 3351 962 3407; x_wconf 86' lang='lat' dir='ltr'>p.</span> <span class='ocrx_word' id='word_1_217' title='bbox 982 3337 1041 3390; x_wconf 86' lang='grc'><strong>638.</strong></span> <span class='ocrx_word' id='word_1_218' title='bbox 1078 3335 1139 3404; x_wconf 89' lang='lat' dir='ltr'>Ipse</span> <span class='ocrx_word' id='word_1_219' title='bbox 1159 3349 1220 3388; x_wconf 90' lang='lat' dir='ltr'>cum</span> <span class='ocrx_word' id='word_1_220' title='bbox 1238 3334 1256 3387; x_wconf 94' lang='lat' dir='ltr'>l.</span> <span class='ocrx_word' id='word_1_221' title='bbox 1269 3348 1292 3387; x_wconf 90' lang='lat' dir='ltr'>c.</span> <span class='ocrx_word' id='word_1_222' title='bbox 1312 3333 1421 3403; x_wconf 77' lang='lat' dir='ltr'>egregie</span> 
     </span>
     <span class='ocr_line' id='line_1_27' title="bbox 197 3422 1422 3492; baseline -0.002 -14"><span class='ocrx_word' id='word_1_223' title='bbox 197 3423 423 3492; x_wconf 60' lang='lat' dir='ltr'>indicavissem</span> <span class='ocrx_word' id='word_1_224' title='bbox 445 3437 473 3477; x_wconf 87' lang='lat' dir='ltr'>se</span> <span class='ocrx_word' id='word_1_225' title='bbox 487 3422 611 3490; x_wconf 86' lang='lat' dir='ltr'>descivit,</span> <span class='ocrx_word' id='word_1_226' title='bbox 633 3429 664 3478; x_wconf 91' lang='lat' dir='ltr'>ut</span> <span class='ocrx_word' id='word_1_227' title='bbox 682 3439 827 3492; x_wconf 85' lang='lat' dir='ltr'>perversae</span> <span class='ocrx_word' id='word_1_228' title='bbox 851 3425 884 3479; x_wconf 90' lang='lat' dir='ltr'>de</span> <span class='ocrx_word' id='word_1_229' title='bbox 907 3423 1004 3478; x_wconf 88' lang='lat' dir='ltr'>Diocle</span> <span class='ocrx_word' id='word_1_230' title='bbox 1023 3422 1145 3492; x_wconf 90' lang='lat' dir='ltr'>opinioni</span> <span class='ocrx_word' id='word_1_231' title='bbox 1166 3429 1348 3478; x_wconf 85' lang='lat' dir='ltr'>succurreret.</span> <span class='ocrx_word' id='word_1_232' title='bbox 1383 3422 1422 3478; x_wconf 82' lang='lat' dir='ltr'>At</span> 
     </span>
     <span class='ocr_line' id='line_1_28' title="bbox 197 3510 1421 3582; baseline -0.001 -17"><span class='ocrx_word' id='word_1_233' title='bbox 197 3510 300 3566; x_wconf 84' lang='lat' dir='ltr'>frustra</span> <span class='ocrx_word' id='word_1_234' title='bbox 318 3510 379 3580; x_wconf 89' lang='lat' dir='ltr'>fuit,</span> <span class='ocrx_word' id='word_1_235' title='bbox 398 3525 459 3564; x_wconf 91' lang='lat' dir='ltr'>cum</span> <span class='ocrx_word' id='word_1_236' title='bbox 479 3525 506 3565; x_wconf 89' lang='lat' dir='ltr'>se</span> <span class='ocrx_word' id='word_1_237' title='bbox 527 3510 659 3581; x_wconf 82' lang='lat' dir='ltr'>correxit3</span> <span class='ocrx_word' id='word_1_238' title='bbox 683 3527 745 3566; x_wconf 90' lang='lat' dir='ltr'>nam</span> <span class='ocrx_word' id='word_1_239' title='bbox 763 3513 798 3566; x_wconf 92' lang='lat' dir='ltr'>ad</span> <span class='ocrx_word' id='word_1_240' title='bbox 821 3511 1032 3581; x_wconf 88' lang='lat' dir='ltr'>peripateticum</span> <span class='ocrx_word' id='word_1_241' title='bbox 1051 3511 1173 3580; x_wconf 79' lang='lat' dir='ltr'>confugit</span> <span class='ocrx_word' id='word_1_242' title='bbox 1192 3511 1331 3566; x_wconf 84' lang='lat' dir='ltr'>Sotionem</span> <span class='ocrx_word' id='word_1_243' title='bbox 1350 3526 1421 3582; x_wconf 87' lang='lat' dir='ltr'>eum,</span> 
     </span>
     <span class='ocr_line' id='line_1_29' title="bbox 197 3587 1422 3672; baseline -0.002 -16"><span class='ocrx_word' id='word_1_244' title='bbox 197 3601 232 3656; x_wconf 92' lang='lat' dir='ltr'>de</span> <span class='ocrx_word' id='word_1_245' title='bbox 260 3617 315 3668; x_wconf 87' lang='lat' dir='ltr'>quo</span> <span class='ocrx_word' id='word_1_246' title='bbox 344 3587 501 3669; x_wconf 89' lang='lat' dir='ltr'>Simplicius</span> <span class='ocrx_word' id='word_1_247' title='bbox 528 3599 557 3653; x_wconf 92' lang='lat' dir='ltr'>in</span> <span class='ocrx_word' id='word_1_248' title='bbox 584 3601 778 3656; x_wconf 85' lang='lat' dir='ltr'>commentario</span> <span class='ocrx_word' id='word_1_249' title='bbox 803 3601 837 3656; x_wconf 90' lang='lat' dir='ltr'>ad</span> <span class='ocrx_word' id='word_1_250' title='bbox 862 3600 1015 3669; x_wconf 87' lang='lat' dir='ltr'>categorias</span> <span class='ocrx_word' id='word_1_251' title='bbox 1043 3599 1080 3672; x_wconf 94' lang='lat' dir='ltr'>[p.</span> <span class='ocrx_word' id='word_1_252' title='bbox 1103 3601 1199 3656; x_wconf 74' lang='lat'>61⁵22</span> <span class='ocrx_word' id='word_1_253' title='bbox 1227 3599 1370 3670; x_wconf 83' lang='lat' dir='ltr'>Brandis]:</span> <span class='ocrx_word' id='word_1_254' title='bbox 1397 3602 1422 3654; x_wconf 80' lang='lat' dir='ltr'>oi</span> 
     </span>
     <span class='ocr_line' id='line_1_30' title="bbox 197 3683 1422 3761; baseline -0.002 -17"><span class='ocrx_word' id='word_1_255' title='bbox 197 3692 259 3761; x_wconf 77' lang='grc' dir='ltr'><strong><em>περὶ</em></strong></span> <span class='ocrx_word' id='word_1_256' title='bbox 284 3689 331 3743; x_wconf 83' lang='grc' dir='ltr'><strong><em>τὸν</em></strong></span> <span class='ocrx_word' id='word_1_257' title='bbox 353 3687 475 3761; x_wconf 79' lang='grc' dir='ltr'><strong><em>Ἀχαϊκὸν</em></strong></span> <span class='ocrx_word' id='word_1_258' title='bbox 502 3689 548 3742; x_wconf 83' lang='grc' dir='ltr'>καὶ</span> <span class='ocrx_word' id='word_1_259' title='bbox 575 3693 700 3742; x_wconf 76' lang='grc' dir='ltr'><strong><em>Σωτίωνα</em></strong></span> <span class='ocrx_word' id='word_1_260' title='bbox 728 3687 806 3744; x_wconf 77' lang='grc' dir='ltr'><strong><em>ταῦτα</em></strong></span> <span class='ocrx_word' id='word_1_261' title='bbox 833 3687 1021 3755; x_wconf 73' lang='grc' dir='ltr'><strong><em>ἐπιστήσαντας</em></strong></span> <span class='ocrx_word' id='word_1_262' title='bbox 1045 3683 1191 3750; x_wconf 62' lang='lat' dir='ltr'>circatoris</span> <span class='ocrx_word' id='word_1_263' title='bbox 1209 3689 1349 3749; x_wconf 63' lang='lat' dir='ltr'>nectareas</span> <span class='ocrx_word' id='word_1_264' title='bbox 1369 3689 1422 3742; x_wconf 80' lang='grc' dir='ltr'><strong><em>τῶν</em></strong></span> 
     </span>
     <span class='ocr_line' id='line_1_31' title="bbox 197 3774 1422 3850; baseline -0.001 -18"><span class='ocrx_word' id='word_1_265' title='bbox 197 3777 363 3849; x_wconf 83' lang='grc' dir='ltr'><strong><em>κατηγοριῶν</em></strong></span> <span class='ocrx_word' id='word_1_266' title='bbox 381 3775 505 3848; x_wconf 73' lang='grc' dir='ltr'><strong><em>ἐξηγητὰς</em></strong></span> <span class='ocrx_word' id='word_1_267' title='bbox 530 3775 665 3831; x_wconf 75' lang='grc' dir='ltr'><strong><em>αἰτιῶνται</em></strong></span> <span class='ocrx_word' id='word_1_268' title='bbox 682 3777 789 3844; x_wconf 73' lang='grc' dir='ltr'><strong><em>Βόηθον</em></strong></span> <span class='ocrx_word' id='word_1_269' title='bbox 807 3780 854 3833; x_wconf 79' lang='grc' dir='ltr'>καὶ</span> <span class='ocrx_word' id='word_1_270' title='bbox 868 3779 1013 3850; x_wconf 71' lang='grc' dir='ltr'><strong><em>Ἀρίστωνα</em></strong></span> <span class='ocrx_word' id='word_1_271' title='bbox 1031 3779 1077 3832; x_wconf 81' lang='grc' dir='ltr'>καὶ</span> <span class='ocrx_word' id='word_1_272' title='bbox 1099 3777 1230 3849; x_wconf 78' lang='grc' dir='ltr'><strong><em>Εὔδωρον</em></strong></span> <span class='ocrx_word' id='word_1_273' title='bbox 1252 3777 1298 3832; x_wconf 74' lang='grc' dir='ltr'>καὶ</span> <span class='ocrx_word' id='word_1_274' title='bbox 1315 3774 1422 3848; x_wconf 59' lang='lat' dir='ltr'>’idedun&#39;-</span> 
     </span>
     <span class='ocr_line' id='line_1_32' title="bbox 197 3863 1422 3939; baseline -0.002 -19"><span class='ocrx_word' id='word_1_275' title='bbox 197 3886 274 3920; x_wconf 85' lang='grc' dir='ltr'><strong><em>νικον</em></strong></span> <span class='ocrx_word' id='word_1_276' title='bbox 296 3867 342 3920; x_wconf 73' lang='grc' dir='ltr'>καὶ</span> <span class='ocrx_word' id='word_1_277' title='bbox 360 3863 546 3936; x_wconf 72' lang='grc' dir='ltr'><strong><em>Ἀθηνόδωρον</em></strong></span> <span class='ocrx_word' id='word_1_278' title='bbox 568 3865 633 3936; x_wconf 74' lang='grc' dir='ltr'><strong><em>μήτε</em></strong></span> <span class='ocrx_word' id='word_1_279' title='bbox 651 3865 838 3933; x_wconf 69' lang='grc' dir='ltr'><strong><em>ἐπιστήσαντας</em></strong></span> <span class='ocrx_word' id='word_1_280' title='bbox 855 3865 921 3939; x_wconf 78' lang='grc' dir='ltr'><strong><em>μήτε</em></strong></span> <span class='ocrx_word' id='word_1_281' title='bbox 939 3869 1184 3939; x_wconf 78' lang='grc' dir='ltr'><strong><em>ἐπισημηναμένονς</em></strong></span> <span class='ocrx_word' id='word_1_282' title='bbox 1203 3867 1269 3920; x_wconf 72' lang='grc' dir='ltr'>ἀλλὰ</span> <span class='ocrx_word' id='word_1_283' title='bbox 1288 3870 1341 3920; x_wconf 76' lang='grc' dir='ltr'><strong><em>κτλ.</em></strong></span> <span class='ocrx_word' id='word_1_284' title='bbox 1376 3869 1422 3918; x_wconf 86' lang='lat' dir='ltr'>Ve-</span> 
     </span>
     <span class='ocr_line' id='line_1_33' title="bbox 198 3941 1423 4026; baseline 0 -20"><span class='ocrx_word' id='word_1_285' title='bbox 198 3964 266 4007; x_wconf 83' lang='lat' dir='ltr'>teres</span> <span class='ocrx_word' id='word_1_286' title='bbox 283 3959 327 4006; x_wconf 87' lang='lat' dir='ltr'>illi</span> <span class='ocrx_word' id='word_1_287' title='bbox 342 3958 496 4021; x_wconf 74' lang='lat' dir='ltr'>interpretes</span> <span class='ocrx_word' id='word_1_288' title='bbox 513 3941 635 4022; x_wconf 64' lang='lat' dir='ltr'>quaeum</span> <span class='ocrx_word' id='word_1_289' title='bbox 648 3960 736 4022; x_wconf 80' lang='lat' dir='ltr'>primo</span> <span class='ocrx_word' id='word_1_290' title='bbox 754 3975 771 4007; x_wconf 91' lang='grc' dir='ltr'>α</span> <span class='ocrx_word' id='word_1_291' title='bbox 795 3956 857 4009; x_wconf 80' lang='lat' dir='ltr'>Chr.</span> <span class='ocrx_word' id='word_1_292' title='bbox 879 3975 905 4009; x_wconf 89' lang='lat' dir='ltr'>n.</span> <span class='ocrx_word' id='word_1_293' title='bbox 926 3961 1028 4009; x_wconf 85' lang='lat' dir='ltr'>saeculo</span> <span class='ocrx_word' id='word_1_294' title='bbox 1044 3959 1141 4026; x_wconf 86' lang='lat' dir='ltr'>suere,</span> <span class='ocrx_word' id='word_1_295' title='bbox 1159 3959 1279 4023; x_wconf 74' lang='lat' dir='ltr'>proximi</span> <span class='ocrx_word' id='word_1_296' title='bbox 1299 3959 1345 4008; x_wconf 74' lang='lat' dir='ltr'>vix</span> <span class='ocrx_word' id='word_1_297' title='bbox 1362 3963 1423 4008; x_wconf 80' lang='lat' dir='ltr'>ante</span> 
     </span>
     <span class='ocr_line' id='line_1_34' title="bbox 199 4044 1424 4112; baseline 0.002 -18"><span class='ocrx_word' id='word_1_298' title='bbox 199 4047 312 4095; x_wconf 76' lang='lat' dir='ltr'>medriam</span> <span class='ocrx_word' id='word_1_299' title='bbox 328 4047 447 4110; x_wconf 76' lang='lat' dir='ltr'>prtinum</span> <span class='ocrx_word' id='word_1_300' title='bbox 465 4053 527 4110; x_wconf 77' lang='lat' dir='ltr'>post</span> <span class='ocrx_word' id='word_1_301' title='bbox 551 4044 612 4096; x_wconf 76' lang='lat' dir='ltr'>car.</span> <span class='ocrx_word' id='word_1_302' title='bbox 637 4048 770 4096; x_wconf 84' lang='lat' dir='ltr'>saeculum</span> <span class='ocrx_word' id='word_1_303' title='bbox 784 4047 887 4112; x_wconf 86' lang='lat' dir='ltr'>florere</span> <span class='ocrx_word' id='word_1_304' title='bbox 904 4053 1035 4111; x_wconf 79' lang='lat' dir='ltr'>poterant.</span> <span class='ocrx_word' id='word_1_305' title='bbox 1085 4049 1155 4098; x_wconf 83' lang='lat' dir='ltr'>Hinc</span> <span class='ocrx_word' id='word_1_306' title='bbox 1182 4048 1287 4097; x_wconf 82' lang='lat' dir='ltr'>Diocles</span> <span class='ocrx_word' id='word_1_307' title='bbox 1314 4052 1424 4096; x_wconf 84' lang='lat' dir='ltr'>exeunte</span> 
     </span>
     <span class='ocr_line' id='line_1_35' title="bbox 199 4125 1423 4202; baseline 0.002 -19"><span class='ocrx_word' id='word_1_308' title='bbox 199 4125 244 4183; x_wconf 79' lang='lat' dir='ltr'>illo</span> <span class='ocrx_word' id='word_1_309' title='bbox 269 4136 371 4184; x_wconf 81' lang='lat' dir='ltr'>saeculo</span> <span class='ocrx_word' id='word_1_310' title='bbox 387 4135 515 4200; x_wconf 73' lang='lat' dir='ltr'>florea-se</span> <span class='ocrx_word' id='word_1_311' title='bbox 539 4135 675 4198; x_wconf 64' lang='lat' dir='ltr'>arguerer.</span> <span class='ocrx_word' id='word_1_312' title='bbox 713 4131 870 4186; x_wconf 86' lang='lat' dir='ltr'>Temeraria</span> <span class='ocrx_word' id='word_1_313' title='bbox 893 4133 962 4188; x_wconf 89' lang='lat' dir='ltr'>haec</span> <span class='ocrx_word' id='word_1_314' title='bbox 984 4133 1195 4202; x_wconf 75' lang='lat' dir='ltr'>argumentatio!</span> <span class='ocrx_word' id='word_1_315' title='bbox 1232 4132 1328 4202; x_wconf 85' lang='lat' dir='ltr'>Neque</span> <span class='ocrx_word' id='word_1_316' title='bbox 1351 4132 1423 4187; x_wconf 88' lang='lat' dir='ltr'>enim</span> 
     </span>
     <span class='ocr_line' id='line_1_36' title="bbox 199 4219 1423 4290; baseline 0.002 -17"><span class='ocrx_word' id='word_1_317' title='bbox 199 4234 282 4274; x_wconf 90' lang='lat' dir='ltr'>causa</span> <span class='ocrx_word' id='word_1_318' title='bbox 299 4224 342 4274; x_wconf 88' lang='lat' dir='ltr'>est</span> <span class='ocrx_word' id='word_1_319' title='bbox 354 4219 564 4276; x_wconf 83' lang='lat' dir='ltr'>Wilamovitzio</span> <span class='ocrx_word' id='word_1_320' title='bbox 577 4221 675 4289; x_wconf 88' lang='lat' dir='ltr'>iudice,</span> <span class='ocrx_word' id='word_1_321' title='bbox 690 4235 740 4275; x_wconf 87' lang='lat' dir='ltr'>cur</span> <span class='ocrx_word' id='word_1_322' title='bbox 751 4221 909 4277; x_wconf 81' lang='lat' dir='ltr'>Aristotelis</span> <span class='ocrx_word' id='word_1_323' title='bbox 921 4222 974 4277; x_wconf 88' lang='lat' dir='ltr'>iste</span> <span class='ocrx_word' id='word_1_324' title='bbox 987 4222 1122 4290; x_wconf 86' lang='lat' dir='ltr'>interpres</span> <span class='ocrx_word' id='word_1_325' title='bbox 1135 4221 1279 4276; x_wconf 89' lang='lat' dir='ltr'>dirimatur</span> <span class='ocrx_word' id='word_1_326' title='bbox 1292 4238 1310 4277; x_wconf 88' lang='lat' dir='ltr'>a</span> <span class='ocrx_word' id='word_1_327' title='bbox 1321 4221 1423 4290; x_wconf 87' lang='lat' dir='ltr'>Stoico,</span> 
     </span>
    </p>
   </div>
   <div class='ocr_carea' id='block_1_5' title="bbox 198 4307 1423 4380">
    <p class='ocr_par' dir='ltr' id='par_1_6' title="bbox 198 4307 1423 4380">
     <span class='ocr_line' id='line_1_37' title="bbox 198 4307 1423 4380; baseline 0.002 -18"><span class='ocrx_word' id='word_1_328' title='bbox 198 4323 257 4377; x_wconf 87' lang='lat' dir='ltr'>nec,</span> <span class='ocrx_word' id='word_1_329' title='bbox 277 4307 308 4375; x_wconf 87' lang='lat' dir='ltr'>si,</span> <span class='ocrx_word' id='word_1_330' title='bbox 328 4313 414 4377; x_wconf 83' lang='lat' dir='ltr'>esset,</span> <span class='ocrx_word' id='word_1_331' title='bbox 433 4323 467 4362; x_wconf 85' lang='lat' dir='ltr'>ex</span> <span class='ocrx_word' id='word_1_332' title='bbox 485 4309 621 4364; x_wconf 89' lang='lat' dir='ltr'>incerta</span> <span class='ocrx_word' id='word_1_333' title='bbox 638 4309 743 4366; x_wconf 89' lang='lat' dir='ltr'>Dioclis</span> <span class='ocrx_word' id='word_1_334' title='bbox 762 4315 852 4367; x_wconf 86' lang='lat' dir='ltr'>aetate</span> <span class='ocrx_word' id='word_1_335' title='bbox 869 4309 903 4366; x_wconf 87' lang='lat' dir='ltr'>de</span> <span class='ocrx_word' id='word_1_336' title='bbox 921 4309 1050 4380; x_wconf 89' lang='lat' dir='ltr'>Sotionis,</span> <span class='ocrx_word' id='word_1_337' title='bbox 1068 4310 1116 4367; x_wconf 85' lang='lat' dir='ltr'>scd</span> <span class='ocrx_word' id='word_1_338' title='bbox 1129 4326 1164 4366; x_wconf 83' lang='lat' dir='ltr'>ex</span> <span class='ocrx_word' id='word_1_339' title='bbox 1175 4309 1228 4366; x_wconf 90' lang='lat' dir='ltr'>hac</span> <span class='ocrx_word' id='word_1_340' title='bbox 1240 4309 1275 4366; x_wconf 87' lang='lat' dir='ltr'>ds</span> <span class='ocrx_word' id='word_1_341' title='bbox 1292 4309 1341 4366; x_wconf 91' lang='lat' dir='ltr'>illa</span> <span class='ocrx_word' id='word_1_342' title='bbox 1359 4324 1423 4366; x_wconf 88' lang='lat' dir='ltr'>cou-</span> 
     </span>
    </p>
   </div>
   <div class='ocr_carea' id='block_1_6' title="bbox 199 4395 1230 4573">
    <p class='ocr_par' dir='ltr' id='par_1_7' title="bbox 199 4395 1230 4573">
     <span class='ocr_line' id='line_1_38' title="bbox 199 4395 463 4453; baseline -0.004 -3"><span class='ocrx_word' id='word_1_343' title='bbox 199 4395 363 4451; x_wconf 89' lang='lat' dir='ltr'>cludendum</span> <span class='ocrx_word' id='word_1_344' title='bbox 383 4403 463 4453; x_wconf 87' lang='lat' dir='ltr'>esset.</span> 
     </span>
     <span class='ocr_line' id='line_1_39' title="bbox 252 4483 1230 4573; baseline 0.009 -49"><span class='ocrx_word' id='word_1_345' title='bbox 252 4483 363 4538; x_wconf 84' lang='lat' dir='ltr'>Philolog.</span> <span class='ocrx_word' id='word_1_346' title='bbox 378 4485 577 4554; x_wconf 72' lang='lat' dir='ltr'>Untersuchungon</span> <span class='ocrx_word' id='word_1_347' title='bbox 590 4485 631 4528; x_wconf 92' lang='lat' dir='ltr'>lll.</span> <span class='ocrx_word' id='word_1_348' title='bbox 1148 4546 1162 4573; x_wconf 45' lang='grc' dir='ltr'><strong><em>ι</em></strong></span> <span class='ocrx_word' id='word_1_349' title='bbox 1214 4489 1230 4542; x_wconf 76' lang='grc'>2</span> 
     </span>
    </p>
   </div>
   <div class='ocr_carea' id='block_1_7' title="bbox 0 0 1776 5272">
    <p class='ocr_par' dir='ltr' id='par_1_8' title="bbox 0 0 1776 5272">
     <span class='ocr_line' id='line_1_40' title="bbox 0 0 1776 5272; baseline 0 0"><span class='ocrx_word' id='word_1_350' title='bbox 0 0 1776 5272; x_wconf 95' lang='lat' dir='ltr'> </span> 
     </span>
    </p>
   </div>
  </div>
 </body>
</html>
