3516 5272
1373 498 1414 563 41

199 673 348 741 similiter
370 674 454 740 idem
477 673 631 741 iudicavit
653 673 693 738 de
708 673 827 740 Euenis
837 670 888 754 ⁴⁰).
924 673 1035 756 Neque
1058 673 1154 740 aliter
1177 675 1217 741 de
1238 674 1418 758 Sapphone‚

199 800 263 847 una
284 779 383 847 fuerit
405 799 447 846 an
470 781 568 863 duae,
601 780 732 863 scripsit
753 780 908 864 Nymphis
931 779 1139 863 Heracleote,
1170 781 1246 864 quia
1273 783 1420 865 poetriae

201 907 271 955 cnm
294 887 425 954 Phaone
448 905 573 954 amores
596 906 659 954 non
675 885 877 971 crederet41).
916 887 966 954 Ab
981 887 1241 972 homonymorum
1261 890 1420 956 indicibus

199 996 279 1062 talia
302 999 336 1061 et
357 1014 394 1061 re
416 994 591 1062 abhorrent
614 999 647 1060 et
670 995 776 1078 specie
799 998 930 1060 externa
946 995 1183 1077 dignoscuntur.
1224 997 1420 1079 Quamquam

200 1103 341 1169 indidem
364 1102 403 1168 de
426 1107 557 1169 auctore
579 1102 719 1168 indicum
742 1108 776 1168 et
799 1103 982 1184 aporiarum
997 1101 1241 1169 Laertianarum
1265 1104 1418 1172 diverso

200 1211 280 1277 nihil
303 1210 523 1292 consequitur:
548 1209 676 1275 aliunde
699 1209 819 1291 pendet
842 1209 1011 1274 discrimen
1035 1208 1087 1293 [cf.
1112 1230 1143 1293 p.
1169 1210 1210 1275 57
1235 1211 1306 1296 sq.].

290 1319 319 1383 3.
346 1316 546 1400 Singularem
572 1316 678 1382 locum
705 1316 766 1382 sibi
793 1321 929 1398 poscunt
951 1315 1200 1400 Pythagorae
1223 1318 1420 1403 Archytae

201 1425 358 1491 Eudoxi.
397 1424 602 1507 V11146sq.
627 1419 782 1504 Γεγόνασι
804 1422 839 1487 δὲ
864 1421 1102 1511 Πυθαγόραι
1129 1427 1312 1511 τέτταρες
1334 1427 1421 1514 περὶ

201 1529 292 1606 τους
314 1527 455 1606 αὐτούς
478 1528 658 1617 χρόνους,
683 1528 720 1596 οδ
744 1531 829 1597 πολύ
853 1526 907 1596 ἀπ’
932 1525 1081 1616 ἀλλήλων
1104 1529 1293 1613 ἀπέχοντες·

247 1638 295 1714 είς
315 1641 375 1720 μὲν
402 1636 625 1723 Κροτωνιάτης
647 1636 836 1720 τυραννικός
859 1637 1049 1723 ἄνθρωπος·

247 1749 353 1832 έτερος
376 1742 533 1819 Φλιάσιος
555 1741 770 1831 σωμασκητής,
794 1740 946 1831 ἀλείπτης
969 1741 1011 1820 ὥς
1034 1749 1116 1831 φασί
1137 1765 1235 1822 τινες·

247 1857 349 1937 τρίτος
371 1849 571 1925 Ζακύνθιος·

247 1962 396 2045 τέταρτος
425 1954 521 2034 αύτός
548 1950 639 2032 οὗτος
663 1956 914 2043 [philosophus]‚
943 1952 980 2024 οὗ
1004 1972 1106 2044 φασιν
1128 1961 1212 2024 εἶναι
1234 1959 1340 2049 τάπδῤ
1380 1985 1421 2026 τα

203 2067 272 2153 τῆς·
280 2066 476 2152 φιλοσοφίας
502 2061 610 2133 αὐτόν
636 2061 848 2141 διδάσκαλος·
878 2064 930 2151 ἐφ’
958 2061 996 2131 οὗ
1023 2065 1077 2129 καί
1105 2066 1139 2130 τό
1161 2061 1265 2141 Αὐτός
1288 2063 1355 2153 ἔφα
1376 2069 1422 2144 είς

119 2219 122 2226 ·
202 2176 259 2242 ιδν
282 2179 354 2258 βίον
374 2169 492 2258 ἦλθεν·

248 2281 286 2347 οἱ
308 2282 329 2347 δ
335 2284 350 2345 ὲ
376 2285 442 2346 καὶ
463 2279 566 2346 ἄλλον
588 2275 860 2367 ἀνδριαντοποιόν
877 2277 1021 2365 Ῥηγῖνον
1043 2281 1208 2358 γεγονέναι
1230 2283 1334 2366 φασίν
1357 2286 1422 2346 Πυ-

204 2386 372 2477 θαγόραν,
403 2387 532 2474 πρῶτον
561 2387 717 2454 δοκούντα
743 2387 875 2473 ῥυθμοῦ
902 2385 959 2450 καὶ
987 2390 1177 2474 συμμετρίας
1206 2385 1421 2470 ἐστοχάσθαι·

204 2498 259 2562 καί
281 2496 385 2562 ἄλλον
407 2491 682 2582 ἀνδριαντοποιόν
704 2493 845 2580 Σάμιον·

247 2603 302 2669 καὶ
325 2606 432 2691 ἕτερον
455 2601 571 2690 ῥήτορα
593 2601 776 2689 μοχθηρόν·

247 2716 303 2775 καὶ
318 2708 432 2795 ἰατρὸν
447 2709 558 2791 ἄλλον,
581 2710 620 2774 τά
638 2709 711 2796 περὶ
725 2707 821 2797 κη’λης
835 2709 1019 2797 γεγραφότα
1038 2715 1094 2774 καί
1108 2732 1183 2776 τινα
1198 2709 1270 2796 περὶ
1286 2708 1421 2797 Ὁμήρου

203 2821 468 2901 συντεταγμένον·

249 2915 473 3012 καῖ’ἕτερον
505 2921 663 3012 Δωρικδ
690 2927 1107 3011 πεπραγματευμένον,
1140 2921 1186 3013 τός
1213 2924 1423 3000 Διονύσιος

205 3035 351 3122 ἱστορεῖ
371 3032 661 3118 [Halicarnasensis
685 3025 721 3096 ἐν
743 3034 787 3116 τῷ
809 3036 885 3116 περὶ
895 3027 1055 3115 μιμήσεως
1077 3029 1115 3097 cf.
1140 3051 1171 3113 p.
1190 3030 1256 3115 32].

241 3137 536 3229 Ἐρατοσθένης
562 3139 599 3204 δέ
626 3152 718 3224 φησι,
746 3134 836 3202 καθὸ
859 3142 913 3202 καὶ
937 3139 1166 3224 Φαβωρῖνος
1194 3137 1231 3205 έν
1259 3139 1296 3228 τῇ
1324 3135 1424 3228 ὀγδόη

207 3250 423 3334 παντοδαπῆς
445 3246 583 3336 ἱστορίας
605 3249 843 3332 παρατίθεται,
872 3243 1016 3311 τοῦτον
1037 3247 1123 3312 είναι
1144 3247 1202 3312 τδν
1224 3247 1353 3334 πρῶτον
1374 3246 1425 3314 έν·

203 3361 321 3438 τέχνας
341 3352 566 3421 πυκτεύσαντα
590 3353 643 3418 ἐπὶ
661 3359 714 3440 τῆς
736 3351 850 3439 ὀγδόης
871 3357 926 3416 καὶ
939 3354 1185 3441 τετταρακοστῆς
1202 3348 1425 3439 Ὀλυμπιάδος

205 3464 271 3531 κτλ.
320 3463 410 3529 Duos
438 3463 596 3544 diuersos²
632 3462 679 3527 ait
706 3461 914 3528 Nietaschens
943 3461 1035 3546 [mus.
1066 3462 1154 3529 rhen.
1179 3463 1285 3529 XXIV
1309 3462 1423 3547 [1869]

204 3590 235 3653 p.
256 3572 319 3636 194
353 3569 451 3654 sqq.]‚
492 3568 758 3652 deprehendimus
794 3568 1049 3652 Pythagoramm
1083 3570 1218 3651 indices,
1250 3570 1335 3636 hunc
1369 3589 1425 3636 sex

205 3678 296 3744 illurn
319 3682 471 3760 quattuor
491 3677 716 3743 continentem.
758 3676 879 3742 Utrum
894 3677 941 3741 ad
953 3674 1165 3741 Demetrzam
1180 3675 1425 3742 revocabcinus?

206 3785 362 3851 Neutrum
385 3786 414 3851 si
435 3785 513 3851 mihi
542 3787 637 3850 antea
665 3784 839 3851 credidisti.
888 3784 975 3865 Ergo
1004 3785 1174 3851 concidunt
1200 3803 1283 3867 quae
1310 3805 1340 3867 p.
1361 3785 1423 3850 195

278 3998 478 4070 4⁰)0f.l1arp.
500 3997 574 4070 [hinc
593 3995 702 4068 Suidtts]
722 4011 742 4051 s.
762 4014 787 4052 v.
806 3993 855 4052 δύο
879 3998 909 4052 δὲ
934 3994 1140 4070 ἀναγράφουσιν
1163 3994 1282 4064 natvm
1304 4000 1425 4069 ἐλεγείων

207 4088 316 4157 ποιητάς
339 4085 501 4160 ὁμωνύμους
526 4085 654 4156 ἀλληλοις,
680 4086 804 4160 καθάπερ
819 4089 1011 4159 Ἐρατοσθένης
1029 4091 1058 4142 ἒν
1075 4088 1112 4160 τῷ
1133 4087 1195 4159 περὶ
1216 4085 1425 4158 χρονογραφιῶν

208 4180 375 4254 ἀμφοτέρους
392 4180 477 4250 λέγων
495 4183 613 4250 Παρίους
630 4180 709 4234 είναι·
727 4181 907 4250 γνωρίζεσθαι
924 4179 954 4232 δέ
972 4196 1037 4248 φησι
1054 4176 1098 4232 τὸν
1117 4175 1242 4247 νεώτερον
1259 4173 1354 4247 μόνον.

278 4268 317 4338 41)
335 4267 436 4323 Athen.
454 4267 612 4344 ΧΠ115960
633 4271 659 4330 ἐξ
672 4265 781 4340 Ἐρέσου
801 4268 830 4322 δὲ
848 4265 893 4335 τῆς
911 4269 999 4340 ἑτέρας
1021 4265 1164 4338 ὁμώνυμος
1182 4264 1296 4338 Σαπφώ,
1314 4263 1362 4319 τού
1377 4285 1425 4319 κα-

208 4359 255 4414 rot
274 4357 390 4420 Φάωνος
417 4361 560 4430 ἐρασθεῖσα
582 4355 749 4429 περιβόητος,
774 4353 810 4418 ὥς
835 4375 900 4427 φησι
919 4356 1030 4430 Νύμφις
1054 4359 1083 4410 ἐν
1107 4358 1226 4428 περίπλῳ
1247 4353 1345 4418 Ἀσίας.
1381 4355 1426 4410 Ex

208 4448 350 4505 Athenaeo
370 4446 509 4517 Aelianus,
527 4453 559 4502 ut
579 4461 658 4517 saepe
679 4446 725 4520 [cf.
743 4446 849 4502 Preller
866 4445 1021 4500 Polemonis
1038 4444 1073 4499 fr.
1091 4461 1118 4515 p.
1140 4444 1209 4516 191].
