3506 5272
1383 475 1424 540 85

203 647 240 714 οὗ
263 647 364 733 μόνος
386 647 621 734 ὅΣιαγειρίιης
637 644 853 736 Ἀριστοτέλης
876 647 1021 714 ducheleo
1044 646 1131 715 ἀλλὰ
1153 657 1209 718 καὶ
1233 651 1326 717 ἄλλοι
1342 649 1425 740 Ἀρι-

203 758 357 833 crocitare
385 757 532 840 ἐγένοντο
562 755 618 820 ἐπ’
647 753 783 838 αὐτοῦ,
815 754 857 832 ὥς
884 755 902 822 ὁ
931 757 1140 845 παιδοτρίβης
1168 760 1222 823 καὶ
1251 756 1270 824 ὅ
1293 758 1426 847 ἐπίκλην

203 862 371 953 μῦθοςίθ).
412 865 462 931 Ad
485 864 703 930 Ptolemaeum
725 863 786 930 hoc
808 863 883 952 περὶ
905 860 1086 948 ὁμωνύμων
1108 865 1321 948 fragmentum
1344 866 1425 933 ref-

204 973 338 1039 rendum
361 979 420 1039 est.
462 973 505 1038 At
527 971 619 1038 flunt
643 991 682 1036 en
704 967 882 1055 Laertio⁹⁹)
906 972 961 1037 ubi
985 971 1046 1038 duo
1070 972 1118 1037 illi
1141 975 1196 1057 qui
1219 973 1426 1056 proferuntur

204 1081 341 1146 redeunt
375 1081 594 1164 cognomines!
647 1078 762 1144 Absint
796 1077 961 1161 ambages:
998 1079 1175 1145 aLaertio
1209 1082 1297 1147 nullo
1331 1086 1426 1164 pacto

205 1188 488 1271 aequalitatem
526 1187 653 1251 illorum
692 1186 915 1268 comperisset,
961 1204 1043 1269 quae
1079 1187 1186 1253 verbis
1223 1187 1277 1252 aa
1313 1188 1426 1255 τούτου

205 1296 395 1361 continetur.
434 1294 512 1360 Inde
528 1294 636 1375 potius
651 1292 771 1374 pendet
785 1293 999 1374 Ptolemaeus,
1024 1294 1108 1360 unde
1124 1299 1226 1361 totam
1242 1296 1427 1362 Aristotelis

204 1403 304 1467 vitam
326 1402 536 1483 —exceptis
564 1403 758 1466 testamento
791 1404 824 1465 et
854 1399 1009 1466 librorum
1042 1403 1189 1485 catalogo
1218 1403 1436 1489 Androniccis

204 1548 247 1558 -
271 1511 405 1592 accepit,
430 1528 450 1574 a
471 1507 649 1592 biographo
673 1507 796 1573 scilicet
818 1507 1001 1574 Laertiano.

296 1619 325 1682 3.
351 1616 515 1682 Laertium
539 1620 572 1681 et
595 1615 764 1697 gemellum
788 1615 1003 1681 examinemus
1026 1615 1254 1698 Ptolemaeum,
1278 1636 1427 1701 nonqno

205 1727 245 1792 de
271 1725 429 1791 Favorino
453 1723 595 1788 dubitem
619 1727 760 1803 auctore,
785 1722 842 1788 sed
864 1723 1015 1806 quoniam
1050 1723 1206 1807 adespota
1241 1743 1322 1809 quae
1353 1729 1429 1791 sunt

204 1835 237 1899 in
261 1833 391 1898 Laertio
412 1846 496 1912 'opus
519 1833 570 1895 est
593 1826 854 1913 cognovisse¹⁰⁰).

535 1933 701 1989 Laertius.
1042 1940 1045 2016 η
1130 1934 1356 1990 Ptolemaeus.

294 2155 438 2237 Linguae
460 2152 600 2218 balbitas
624 2148 876 2234 [Timotheus]
1103 2151 1334 2234 epigrammate

298 2261 449 2344 Corporis
471 2259 602 2326 habitus
626 2262 660 2324 et
682 2258 818 2324 vestitus

296 2367 480 2436 Nicomachi
504 2387 543 2433 ex
561 2365 750 2448 Herpyllide
772 2370 867 2447 pater
891 2367 1029 2454 [Timo-
1086 2355 1090 2362 ’

340 2475 469 2560 theus]

241 2589 270 2651 2.
295 2584 469 2650 APlatone
481 2580 632 2647 deficiens
644 2581 825 2646 Xenocrate
838 2580 1030 2646 Academiae
1057 2601 1088 2663 p.
1107 2581 1141 2661 3,
1179 2583 1198 2645 6
1229 2600 1296 2664 sqq.
1328 2580 1428 2664 [Ari-

338 2689 502 2773 praefecto
519 2689 656 2771 Lyceum
672 2688 796 2770 petivit.
838 2688 1029 2773 [Hermip-
1103 2692 1307 2768 stonenus,
1339 2686 1428 2752 Phi·

339 2797 423 2882 pus]
1101 2794 1298 2879 lochorus]

296 2904 546 2972 Narratiuncula
571 2903 611 2968 de
634 2902 816 2968 Alexandro

241 3018 270 3081 3.
296 3013 439 3079 Doccndi
462 3012 545 3077 ratio

295 3121 447 3188 Hermiae
466 3118 597 3201 Bithyni
620 3121 745 3182 amator
768 3117 898 3196 amicus
922 3115 1029 3197 neptis

341 3229 476 3294 maritus
500 3225 740 3311 [Demetrius
761 3223 937 3308 Magnes]
962 3223 1029 3288 sive

341 3335 441 3416 filiae3
501 3331 695 3401 concubinae
746 3336 871 3397 amator
929 3330 1029 3415 [Ari-

343 3444 506 3525 stippus
538 3438 626 3526 περὶ
658 3437 835 3511 παλαιᾶς
872 3435 1029 3522 τρυφῆς]

298 3552 437 3633 Nuptiae
450 3548 563 3633 [Lyco
577 3545 615 3612 cf.
626 3545 802 3612 Aristocles
814 3544 900 3627 apud
911 3543 1028 3608 Euseb.

341 3678 389 3741 pr.
415 3676 462 3722 ev,
487 3655 546 3720 XV
569 3653 647 3738 792]

280 3907 318 3979 9ὃ)
336 3907 458 3963 Adnotut
476 3900 635 3957 Brandisius
654 3899 786 3955 ‘Ammom
804 3897 824 3952 f.
843 3897 874 3954 9¹³
891 3895 1021 3970 γεγόνασι
1037 3895 1091 3970 γὰρ
1109 3897 1156 3950 καὶ
1183 3897 1266 3967 ἕτεροι
1289 3896 1425 3967 Ἀριστοτέ-

209 4003 261 4058 λεις
280 3989 318 4051 ὧν
336 3995 367 4050 ιὰ
386 3991 586 4066 συγγράμματα
604 3991 650 4046 διὰ
668 3990 713 4056 τὴν
732 3987 892 4062 ὁμωνυμίαν
910 3987 978 4050 τινὲς
995 3985 1122 4059 ἐνόμισαν
1136 3983 1343 4057 'Agocrtocc'looc’⁸

280 4085 316 4157 99)
334 4085 360 4139 V
378 4085 412 4140 35
430 4085 548 4155 πέμπιὸς
566 4078 581 4135 ὃ
599 4081 749 4147 ἐπικληθείς
767 4081 856 4152 μῦθος
874 4081 1004 4149 Αἰσχίνου
1023 4077 1068 4132 τοῦ
1086 4074 1256 4146 Σωκρατικοῦ
1276 4072 1425 4146 γνώριμος·

246 4173 361 4244 ἕβδομος
379 4170 551 4239 παιδοτρίβης
569 4159 604 4221 οὗ
622 4170 791 4239 μέμνηται
810 4161 1036 4234 Ἀριστόξενος
1058 4165 1091 4216 ἐν
1113 4162 1154 4231 τῷ
1172 4159 1347 4220 Πλάτωνας
1364 4163 1426 4230 βίῳ

211 4256 246 4312 cl.
263 4273 290 4327 p.
308 4258 352 4310 46.
388 4253 430 4308 Do
449 4258 539 4308 aetate
556 4252 672 4308 lanistae
690 4251 760 4306 nihil
777 4250 881 4306 dictum
900 4254 950 4304 ost.

282 4340 333 4410 1⁰⁰)
351 4339 406 4395 Ubi
434 4337 505 4394 idem
532 4337 645 4393 trudunt
667 4337 692 4392 A
720 4332 1014 4407 [Pseudoammonius]‚
1041 4332 1064 4386 B
1084 4329 1260 4404 [Marciana],
1283 4329 1425 4384 translatio

210 4426 321 4484 arabica
343 4425 416 4495 apud
435 4423 580 4479 Mullorum
598 4440 625 4494 p.
644 4425 677 4480 21
697 4439 749 4493 ειμι
768 4423 791 4478 Β
810 4427 841 4476 ut
859 4419 1093 4491 diligentissimam
1113 4417 1209 4474 ducem
1234 4420 1341 4471 secutus
1366 4431 1425 4470 sum
