3516 5272
1386 507 1425 570 51

203 677 278 744 olii.
324 677 367 743 Et
385 677 471 743 'hacc
494 678 622 760 quidem
645 684 682 744 ut
704 685 840 760 possunt
868 680 1017 744 contendi
1046 681 1093 746 ita
1115 687 1278 765 nequeunt
1301 684 1430 749 demon-

204 787 312 851 strari.
348 821 393 832 -
428 786 472 849 At
506 803 589 867 quac
625 787 787 851 secuntur!
847 784 942 870 Quin
975 787 1053 851 odeo
1087 787 1196 852 statui
1219 794 1337 874 potest,
1373 811 1429 855 eui

202 891 396 957 Favormus
425 891 560 956 ruvereto
588 890 702 957 omuie
729 892 890 966 debuerit,
926 891 1090 980 siquidem
1116 900 1220 960 totum
1251 896 1358 962 locum
1392 899 1431 962 de

203 1000 411 1084 Protagorae
433 997 579 1064 iuuentis
611 1000 704 1065 VIII
720 1000 851 1066 50-54
874 1003 1001 1064 eoustot
1020 1019 1063 1064 ex
1085 999 1263 1087 omuigma
1287 1002 1431 1070 historia

203 1125 270 1169 esse
291 1106 512 1192 desumptum.
550 1106 600 1170 En
624 1125 769 1172 errorum
793 1125 894 1188 paene
918 1107 1037 1172 nidum.
1079 1107 1217 1173 Omnia
1241 1110 1291 1173 cui
1315 1110 1432 1176 debeat

202 1213 334 1277 iuventa
363 1213 541 1277 Favorinus
571 1211 694 1294 Oedipo
726 1214 827 1278 satius
860 1217 910 1277 est
938 1213 978 1278 ad
1008 1213 1214 1280 divinandum
1240 1234 1428 1298 proponere.

202 1318 303 1383 Porro
327 1318 527 1400 Protagorae
550 1320 682 1385 inventa
704 1321 792 1386 nullo
817 1319 927 1384 addito
950 1319 1048 1384 verbo
1072 1319 1174 1385 iactat
1197 1340 1234 1385 ex
1262 1323 1432 1404 omnigena

202 1424 339 1490 historia
377 1424 507 1492 fluxisse
546 1427 681 1492 omnia.
740 1429 785 1492 nt
830 1426 959 1508 scripsit
997 1427 1146 1491 Laertius
1184 1429 1230 1492 IX
1266 1429 1308 1494 50
1342 1447 1429 1512 sqq.:

203 1528 343 1595 ἐκαλεῖτό
366 1553 400 1595 τε
429 1537 545 1618 σοφία,
575 1529 619 1608 ὥς
647 1550 726 1619 φησι
749 1537 942 1621 Φαβωρῖνος
964 1532 1001 1600 ἓν
1022 1558 1057 1600 π.
1084 1532 1120 1598 λ·
1144 1541 1200 1598 καὶ
1221 1537 1349 1621 πρῶτος
1370 1534 1431 1622 ἔφη

203 1635 261 1702 δύο
288 1635 403 1720 λόγους
433 1642 516 1705 εἶναι
544 1645 615 1724 περὶ
643 1636 762 1712 παντὸς
791 1635 983 1725 πράγματος
1006 1635 1246 1724 ἀντικειμένους
1267 1638 1429 1728 ἀλλήλοις.

204 1744 361 1810 Secuntur
395 1746 495 1827 dicta,
531 1746 607 1811 libri
643 1744 684 1811 ob
718 1764 812 1828 quern
847 1745 998 1827 expulsus
1033 1752 1083 1811 est
1114 1748 1257 1829 initium,
1294 1749 1432 1831 denique

203 1851 348 1932 inventa,
384 1853 500 1934 quibus
535 1852 615 1917 hacc
642 1852 830 1918 immiscuit:
866 1853 921 1915 roi
948 1853 1007 1938 την
1034 1851 1190 1920 διάνοιαν
1224 1851 1317 1940 ἀφεὶς
1351 1854 1432 1941 πρὸς

202 1957 346 2042 τοῦνομα
370 1958 519 2045 διελέχθη
543 1965 597 2022 καὶ
625 1959 666 2022 τδ
696 1958 766 2024 νῦν
794 1957 1042 2035 ἐπιπολάζον
1069 1962 1161 2038 γένος
1184 1961 1247 2028 τῶν
1269 1960 1432 2048 ἐριστικῶν

202 2063 365 2150 ἐγέννησε·
388 2073 445 2130 ἵνα
468 2072 522 2130 καὶ
549 2070 660 2149 Τέμων
683 2065 857 2152 puri-uem
880 2061 998 2132 αὐτοῦ·

246 2170 473 2260 ιΠρωταγόρης
494 2175 522 2236 τ’
544 2172 708 2257 ἐπίμικτος
731 2171 913 2259 ἐριζέμεναι
935 2171 969 2238 οὗ
993 2170 1110 2248 εἰδῶς’·

325 2279 380 2344 καὶ
403 2287 528 2365 πρῶτος
550 2278 710 2358 κατέδειξε
732 2276 788 2355 τὰς
811 2279 891 2367 πρὸς
914 2268 971 2355 τὰς
999 2283 1109 2355 θέσεις
1138 2277 1360 2366 ἐπιχειρήσεις,
1391 2279 1434 2356 ὥς

204 2405 302 2471 φησιν
318 2382 601 2475 Ἀρτεμίδωρος
625 2383 642 2450 ὁ
667 2385 868 2462 διαλεκτικός
890 2386 954 2450 κτλ.
995 2387 1059 2452 Ubi
1082 2405 1202 2469 quaeso
1226 2387 1346 2453 dictum
1370 2393 1429 2470 ost,

202 2492 361 2559 Favorino
386 2494 497 2560 deberi
519 2493 671 2561 inventa?
717 2491 817 2558 Nan?
832 2493 916 2575 quod
946 2495 1065 2559 citatur
1088 2495 1121 2558 in
1144 2494 1251 2574 initio,
1282 2495 1362 2559 nihil
1390 2496 1431 2560 ad

203 2597 331 2692 rem⁵²).
372 2599 502 2666 Corruit
525 2600 624 2681 igitur
648 2617 744 2682 quam
768 2619 807 2665 ex
831 2600 972 2664 Timonis
996 2605 1029 2664 ct
1052 2600 1249 2665 Artemidori
1272 2601 1432 2667 dialectici
1543 2665 1546 2670 .

202 2707 365 2772 mentione
390 2708 430 2772 de
454 2707 596 2772 auctoris
619 2705 866 2788 temporc'iecit
890 2706 1082 2787 coniectura,
1108 2707 1229 2772 corruit
1249 2706 1432 2774 Nietzschci

203 2814 318 2881 horum
348 2815 518 2882 verborum
553 2817 607 2876 uui
640 2813 676 2877 τδ
713 2815 773 2879 νῦν
807 2811 1010 2889 ἐπιπολάζον
1043 2816 1134 2892 γένος
1167 2819 1234 2877 τῶν
1267 2813 1431 2899 ἐριστικῶν

203 2920 372 3007 ἐγέννησεν
400 2921 637 3003 interpretatio.
688 2920 821 2987 Eristici
850 2921 935 2985 enim
969 2939 1032 2986 nou
1061 2920 1165 2986 solum
1194 2920 1430 3003 philosophiam

203 3032 375 3109 vexarunt,
400 3047 511 3094 verum
534 3028 576 3092 ad
599 3026 746 3092 rhetores
770 3029 811 3092 ct'
827 3027 1004 3109 sophistas,
1029 3026 1215 3092 Hadrianou
1238 3028 1431 3109 pracsertim
1525 3115 1527 3120 Ι

204 3139 322 3214 aetate,
347 3134 519 3216 propagati
543 3139 627 3199 sunt.
669 3133 790 3215 Sponte
805 3133 1104 3214 hacccvanescunt,
1130 3133 1284 3216 quidquid
1299 3135 1430 3200 molitur

203 3241 415 3306 adversariua
443 3277 481 3287 -—
514 3239 708 3306 Oountcmur
737 3245 1014 3322 argumentantem
1042 3261 1072 3322 p.
1092 3241 1154 3304 651
1187 3259 1255 3324 sqq.
1312 3241 1431 3327 ‘Atque

138 3357 151 3392 ¹·
201 3345 301 3412 elram
323 3368 367 3412 eu
382 3345 521 3421 retroue,
546 3368 614 3433 quo
636 3351 787 3433 excerpta
804 3346 963 3413 Gelliauu
986 3346 1076 3414 iuter
1097 3368 1131 3412 se
1152 3346 1332 3433 excipient,
1356 3369 1430 3414 eou-

202 3452 378 3538 agendum
423 3459 486 3527 est,
534 3454 807 3540 homonymorum
849 3439 993 3528 iudices.
1034 3453 1215 3520 Homerico
1261 3453 1431 3541 ζητήματα,

202 3560 380 3626 munuum
403 3557 602 3625 mutationes
624 3583 695 3626 πονε
709 3559 829 3645 fuisse
851 3559 940 3626 iuter
961 3582 995 3624 se
1016 3560 1125 3626 moute
1148 3566 1181 3626 et
1199 3562 1351 3646 confuso,
1376 3563 1435 3627 sed

203 3669 373 3754 aequalem
396 3674 524 3754 semper
545 3667 723 3732 motemam
747 3691 815 3733 uuo
837 3668 904 3733 loeo
916 3668 1118 3733 conlocatam
1127 3665 1257 3752 fuisse.
1295 3670 1340 3733 At
1354 3670 1431 3750 quin

203 3775 367 3857 disparem
383 3774 610 3858 confusumque
626 3776 795 3840 materiam
810 3777 881 3857 ipse
904 3775 1103 3857 disposuisse
1119 3775 1243 3841 Gellius
1255 3776 1432 3842 censendus

164 3939 186 3969 2
204 3883 273 3947 cst?
312 3882 471 3947 Neutrum
494 3900 553 3963 per
576 3900 611 3946 sc
636 3883 765 3948 certius.
794 3921 829 3930 -
855 3883 923 3947 lam
947 3887 1100 3964 quattuor
1123 3886 1236 3963 partes
1252 3882 1430 3962 constituit,

202 3988 283 4073 napi
299 3985 500 4074 εὑρημάτων·
524 3995 598 4075 περὶ
620 3987 802 4072 ὁμωνύμων
812 3987 1010 4074 :fopqpao
1026 3987 1200 4075 ζήτηματα·
1224 3985 1432 4075 νεωμραφοδ-

78 4133 82 4138 -
201 4115 295 4178 μενοι.
335 4095 476 4174 Quorum
499 4079 671 4180 unicuique
694 4113 750 4161 sex
772 4095 888 4170 tribuit
899 4143 904 4159 -.
912 4095 1012 4162 libros
1038 4095 1174 4178 Sopatro
1198 4095 1300 4160 fretus
1324 4093 1430 4177 [Phct.

207 4241 212 4248 ’
275 4249 312 4322 5²)
334 4251 412 4306 Serio
435 4227 703 4325 hoc'iiietzscheum
728 4229 886 4322 credidisse,
912 4251 1087 4322 incredibile;
1112 4258 1141 4306 at
1163 4253 1280 4307 credidit
1299 4251 1345 4324 [cf.
1364 4267 1432 4306 mus.

204 4341 281 4395 rhen.
306 4339 400 4426 xm
421 4357 448 4410 p.
474 4333 651 4413 187·].'⁴''Ego
678 4357 721 4397 nuc
748 4343 821 4397 inter
849 4357 895 4398 eos
922 4341 1013 4396 refero
1043 4341 1165 4410 quitali
1192 4342 1296 4398 citandi
1324 4342 1431 4398 ratione

201 4423 362 4486 nesciunt
380 4431 527 4500 quicquam
546 4432 708 4487 concludere
728 4449 744 4486 a
762 4431 927 4488 Nietzschec
944 4431 1048 4486 irrisos.

1234 4521 1269 4575 4*
