3506 5272
340 505 403 570 140

424 680 641 746 Philocles.
666 680 723 746 hv.
742 681 822 745 ⁶281:
857 676 1009 759 γεγόνασι
1033 677 1070 742 δὲ
1094 677 1261 754 Φιλοκλεῒς
1278 678 1345 744 ’δύο
1368 680 1557 766 τραγῳδιῶν

467 791 618 873 ποιηταί·
653 783 701 862 εἷς
723 785 782 872 μὲν
806 783 826 851 δ
850 786 1045 862 Φιλοκλέους
1066 781 1244 871 ἀπόγονος·
1269 785 1390 854 ἐκείνου
1412 789 1472 872 μὲν
1493 785 1555 874 γὰρ

468 894 538 971 υἱὸς
563 892 750 980 Μόρσιμος,
773 893 886 959 τούτου
912 890 948 955 δὲ
963 889 1176 978 Ἀστυδάμας,
1201 891 1236 956 ἐκ
1258 892 1373 958 τούτου
1398 891 1435 956 δὲ
1459 878 1568 958 Φιλο-Ι

467 1003 544 1088 κλῆς
573 1005 627 1064 καὶ
655 1005 758 1087 ἕτερος
787 999 805 1066 δ
836 1002 919 1064 κατά
948 999 1004 1084 τὴν
1031 995 1132 1083 αύτὴν
1161 997 1288 1084 ἡλικίαν
1310 1001 1557 1088 περιπεπτωκὼς

467 1116 509 1198 τῳ
533 1106 670 1198 δευτέρῳ
695 1108 854 1174 Φιλοκλεῖ.

422 1229 695 1296 Phormiones,
720 1229 793 1294 Pac.
819 1229 899 1294 347:
939 1230 967 1294 1.
991 1227 1141 1294 Phormio
1164 1228 1286 1310 Asopii.
1312 1223 1331 1293 ὅ
1353 1225 1496 1314 δεύτερος
1517 1225 1557 1313 ἦν

469 1334 588 1422 κωφός·
624 1340 782 1422 μέμνηται
816 1336 872 1399 καὶ
897 1335 1049 1419 Στραττὶς
1070 1329 1262 1423 Ἀταλάντῃ·
1296 1340 1397 1420 τρίτος
1430 1334 1556 1419 μοιχός·

473 1450 646 1530 Κρατῖνος·
682 1447 829 1530 τέταρτος
856 1439 1073 1531 Κροτωνιάτης
1096 1441 1246 1531 δρχαῖος·
1286 1445 1443 1530 Κρατῖνος
1477 1447 1557 1530 Τρο-

470 1555 589 1638 φωνίῳ.
1428 1589 1431 1595 ·

426 1671 650 1756 Phryniohi.
668 1671 724 1738 AV.
744 1671 821 1735 750:
847 1673 992 1755 τέτταρες
1004 1667 1034 1734 δ’
1046 1667 1192 1750 ἐγένοντο
1206 1666 1376 1753 Φρύνιχον
1401 1667 1493 1753 ὁμὲν
1504 1669 1555 1755 εἷς,

469 1777 507 1845 οὖ
538 1779 597 1845 νῦν
623 1775 819 1863 μνημονεύει
844 1775 1128 1861 Πολυφράδμονος
1155 1789 1234 1852 παῖς
1264 1776 1397 1862 ποιητὴς
1423 1776 1499 1864 ἡδύς
1521 1778 1558 1843 ἓν

468 1894 534 1961 τοῖς
562 1885 705 1970 μέλεσιν·
742 1883 759 1950 ὁ
791 1888 895 1971 ἕτερος
918 1882 1115 1971 Χοροκλέους
1136 1896 1215 1960 παῖς
1236 1882 1420 1971 ὑποκριτής·
1455 1890 1557 1970 τρίτος

469 1992 627 2079 Φρύνιχος
649 1989 667 2056 δ
689 1990 834 2076 κωμικός,
858 1986 895 2056 οὗ
916 1988 1264 2078 μέμνηταιἝρμιππος
1278 1991 1314 2060 ἓν
1330 1989 1556 2081 Φορμοφόροις

468 2096 509 2174 ὥς
537 2095 692 2186 ἀλλότρια
719 2096 989 2183 ύποβαλλομένου
1017 2097 1197 2186 ποιήματα·
1243 2103 1389 2188 τέταρτος
1419 2098 1450 2162 δ’
1472 2099 1557 2164 ἐστὶν

463 2199 647 2291 Ἀθηναῖος
680 2203 715 2271 τδ
748 2211 840 2286 γένος
875 2205 893 2272 ὅ
928 2207 1143 2293 στρατηγήσας
1176 2207 1217 2272 τά
1250 2210 1322 2295 περὶ
1349 2205 1463 2292 Σάμου
1497 2205 1553 2271 καὶ

465 2309 624 2402 Ἀστυόχῳ
652 2317 886 2400 προσθέμενος,
913 2312 1113 2399 ἐπιχειρήσας
1137 2311 1175 2378 δὲ
1197 2340 1234 2403 τη
1258 2313 1314 2379 τού
1337 2312 1439 2397 δήμου
1463 2336 1555 2378 κατα-

469 2420 565 2490 λύσει.
612 2421 656 2488 of.
681 2423 761 2487 Ran.
789 2423 840 2489 13.

423 2542 618 2608 Pisandri.
644 2542 702 2608 Av.
729 2543 828 2607 1556:
865 2538 922 2607 δύο
946 2541 974 2606 δ
1000 2541 1061 2606 εἰσὶ
1085 2543 1291 2629 Πείσανδροι,
1315 2539 1468 2627 καθάπερ
1494 2537 1553 2605 Eo-

468 2650 563 2720 πολις
587 2647 622 2714 ἓν
647 2651 782 2737 Μαρικᾷ
806 2664 905 2733 φησιν
928 2649 992 2714 κτλ.

427 2759 536 2823 ιἄκουε
562 2757 622 2823 νύν
650 2753 848 2842 Πείσανδρος
871 2755 913 2831 ὥς
936 2753 1125 2821 άπόλλυται.

424 2863 442 2928 ὁ
465 2863 628 2952 στρεβλόςς
651 2862 717 2950 ου’κ,
742 2861 814 2929 ἀλλ’
838 2862 855 2929 ὃ
877 2868 977 2948 μέγας
1000 2861 1230 2936 ούνυκ1νδιος’·

423 2977 477 3035 καὶ
491 2969 625 3036 Πλάτων
638 2971 673 3037 ἐν
681 2970 869 3062 Πεισάνδρῳ
881 2976 956 3056 περὶ
967 2967 1157 3057 ἀμφοτέρων
1168 2971 1260 3051 λέγει.
1280 2968 1325 3036 Of.
1334 2969 1468 3053 Lysistr.
1478 2971 1552 3037 490.

428 3093 699 3159 Simermones.
736 3093 817 3159 Nub.
848 3094 927 3158 542:
977 3095 1005 3158 1.
1042 3092 1195 3158 Simermo
1223 3091 1393 3174 Hermippi
1427 3090 1551 3156 histrio.

467 3201 638 3284 Σιμέρμων
666 3223 713 3274 τις
737 3203 842 3288 ἔτερος
860 3197 1003 3285 ’κωμικὸς
1025 3199 1062 3266 ἔν
1083 3223 1148 3265 τινι
1172 3195 1268 3266 αὐτοῦ
1291 3197 1429 3286 δράματι
1453 3197 1553 3282 εἰσῇξε

467 3304 649 3391 πρεσβύτην
671 3304 744 3374 τινὰ
768 3311 947 3395 βακτηρίαν
970 3307 1156 3394 κρατοῦντα.

427 3428 572 3494 Sosiae.
597 3429 693 3510 Vesp.
720 3430 776 3494 78:
814 3425 924 3492 δύοδ
948 3431 1009 3493 εἰσὶ
1031 3433 1152 3493 Σωσῑαι
1175 3425 1194 3493 ὁ
1217 3432 1278 3513 μὲν
1304 3427 1453 3504 Πυθίδος
1476 3426 1494 3494 o‘
1518 3427 1556 3494 δὲ

472 3538 698 3621 Παρμένωνος.
910 3548 915 3551 ’
929 3547 934 3551 ’

425 3655 665 3740 Theogenes,
696 3657 769 3722 Pae.
795 3657 877 3722 928:
917 3658 944 3720 1.
975 3655 1160 3739 Theogenes
1188 3675 1320 3740 pauper.
1350 3657 1418 3721 ἐστι
1440 3655 1478 3722 δὲ
1500 3661 1554 3721 καὶ

470 3761 570 3835 ἄλλος
600 3764 762 3848 Θεαγένης
796 3759 825 3840 δ
849 3765 894 3838 εἰς
914 3759 1057 3851 Ὅμηρον
1089 3763 1221 3852 γράψας
1250 3770 1304 3829 καὶ
1330 3764 1366 3838 ὃς
1390 3764 1493 3850 [codd.
1519 3761 1554 3837 ὅς

468 3875 532 3949 καί,
560 3870 656 3936 aliter
684 3871 889 3954 Sengebns'oh
916 3869 992 3937 diss,
1015 3871 1105 3955 ihom.
1130 3872 1146 3938 Ι
1168 3892 1199 3956 p.
1218 3873 1295 3956 212]
1324 3870 1378 3938 ἐπὶ
1406 3872 1553 3956 μαλακίᾳ

471 3975 657 4060 διεβάλλετο
681 3982 736 4043 καὶ
757 3979 851 4045 ἄλλοι
873 3979 997 4045 πολλοί.
1046 3978 1093 4045 Of.
1117 3979 1173 4046 Av.
1200 3982 1274 4048 822.

429 4099 687 4183 Thucydideo.
735 4099 782 4167 Of.
806 4120 837 4183 p.
865 4088 951 4166 127.

425 4220 631 4287 Timothei.
667 4221 750 4286 Plut.
779 4223 859 4287 180:
897 4219 1016 4286 πολλοὶ
1051 4219 1090 4285 δὲ
1120 4218 1281 4304 Τιμόθεον
1308 4219 1552 4308 κωμῳδοῦνται·

469 4331 528 4394 νῦν
554 4324 592 4391 δὲ
618 4325 675 4393 τοῦ
703 4327 878 4415 στρατηγοῦ
906 4330 1074 4414 μέμνηται,
1105 4323 1141 4403 ὃς
1171 4325 1299 4416 ὑψηλὸν
1321 4327 1407 4394 πάνυ
1429 4326 1553 4416 πύργον

470 4434 618 4518 ἐποίησεν
641 4431 683 4508 ὥς
706 4433 867 4509 πλούσιος.
1379 4451 1381 4456 ’
