<?xml version="1.0" encoding="UTF-8"?>
<!DOCTYPE html PUBLIC "-//W3C//DTD XHTML 1.0 Transitional//EN"
    "http://www.w3.org/TR/xhtml1/DTD/xhtml1-transitional.dtd">
<html xmlns="http://www.w3.org/1999/xhtml" xml:lang="en" lang="en">
 <head>
  <title>
</title>
<meta http-equiv="Content-Type" content="text/html;charset=utf-8" />
  <meta name='ocr-system' content='tesseract 3.04.00' />
  <meta name='ocr-capabilities' content='ocr_page ocr_carea ocr_par ocr_line ocrx_word'/>
</head>
<body>
  <div class='ocr_page' id='page_1' title='image "./debiographisgra00maasgoog_0158.png"; bbox 0 0 3506 5272; ppageno 0'>
   <div class='ocr_carea' id='block_1_1' title="bbox 1372 479 1434 543">
    <p class='ocr_par' dir='ltr' id='par_1_1' title="bbox 1372 479 1434 543">
     <span class='ocr_line' id='line_1_1' title="bbox 1372 479 1434 543; baseline 0.016 -1"><span class='ocrx_word' id='word_1_1' title='bbox 1372 479 1434 543; x_wconf 85' lang='lat'>149</span> 
     </span>
    </p>
   </div>
   <div class='ocr_carea' id='block_1_2' title="bbox 213 651 1561 1059">
    <p class='ocr_par' dir='ltr' id='par_1_2' title="bbox 213 651 1561 1059">
     <span class='ocr_line' id='line_1_2' title="bbox 215 651 1435 742; baseline -0.002 -18"><span class='ocrx_word' id='word_1_2' title='bbox 215 661 297 742; x_wconf 83' lang='lat' dir='ltr'>quae</span> <span class='ocrx_word' id='word_1_3' title='bbox 317 657 358 722; x_wconf 94' lang='lat' dir='ltr'>lis</span> <span class='ocrx_word' id='word_1_4' title='bbox 379 675 416 722; x_wconf 90' lang='lat' dir='ltr'>eo</span> <span class='ocrx_word' id='word_1_5' title='bbox 433 653 615 720; x_wconf 82' lang='lat' dir='ltr'>decernitur</span> <span class='ocrx_word' id='word_1_6' title='bbox 637 656 674 718; x_wconf 91' lang='lat' dir='ltr'>ut</span> <span class='ocrx_word' id='word_1_7' title='bbox 693 651 914 733; x_wconf 76' lang='lat' dir='ltr'><strong>investigetur,</strong></span> <span class='ocrx_word' id='word_1_8' title='bbox 931 669 1007 716; x_wconf 93' lang='lat' dir='ltr'>num</span> <span class='ocrx_word' id='word_1_9' title='bbox 1023 652 1099 735; x_wconf 88' lang='lat' dir='ltr'>quid</span> <span class='ocrx_word' id='word_1_10' title='bbox 1115 651 1231 719; x_wconf 85' lang='lat' dir='ltr'>Suidae</span> <span class='ocrx_word' id='word_1_11' title='bbox 1248 654 1435 741; x_wconf 87' lang='lat' dir='ltr'>(Hesychio)</span> 
     </span>
     <span class='ocr_line' id='line_1_3' title="bbox 213 758 1436 846; baseline -0.002 -16"><span class='ocrx_word' id='word_1_12' title='bbox 213 765 292 830; x_wconf 90' lang='lat' dir='ltr'>insit</span> <span class='ocrx_word' id='word_1_13' title='bbox 320 763 406 846; x_wconf 88' lang='lat' dir='ltr'>quod</span> <span class='ocrx_word' id='word_1_14' title='bbox 434 766 522 827; x_wconf 89' lang='lat' dir='ltr'>certo</span> <span class='ocrx_word' id='word_1_15' title='bbox 549 759 765 826; x_wconf 86' lang='lat' dir='ltr'>reducendum</span> <span class='ocrx_word' id='word_1_16' title='bbox 795 758 838 823; x_wconf 88' lang='lat' dir='ltr'>sit</span> <span class='ocrx_word' id='word_1_17' title='bbox 860 759 902 824; x_wconf 87' lang='lat' dir='ltr'>ad</span> <span class='ocrx_word' id='word_1_18' title='bbox 924 759 1126 826; x_wconf 86' lang='lat' dir='ltr'>Favorinum.</span> <span class='ocrx_word' id='word_1_19' title='bbox 1164 758 1244 826; x_wconf 76' lang='lat' dir='ltr'>&#39;fieri</span> <span class='ocrx_word' id='word_1_20' title='bbox 1267 766 1377 843; x_wconf 85' lang='lat' dir='ltr'>potest</span> <span class='ocrx_word' id='word_1_21' title='bbox 1399 768 1436 828; x_wconf 89' lang='lat' dir='ltr'>ut</span> 
     </span>
     <span class='ocr_line' id='line_1_4' title="bbox 213 864 1561 948; baseline -0.001 -12"><span class='ocrx_word' id='word_1_22' title='bbox 213 889 311 936; x_wconf 91' lang='lat' dir='ltr'>unum</span> <span class='ocrx_word' id='word_1_23' title='bbox 334 870 511 934; x_wconf 87' lang='lat' dir='ltr'>alterumve</span> <span class='ocrx_word' id='word_1_24' title='bbox 534 885 585 932; x_wconf 91' lang='lat' dir='ltr'>me</span> <span class='ocrx_word' id='word_1_25' title='bbox 607 864 740 947; x_wconf 86' lang='lat' dir='ltr'>fugerit:</span> <span class='ocrx_word' id='word_1_26' title='bbox 770 865 974 932; x_wconf 79' lang='lat' dir='ltr'>invenirem</span> <span class='ocrx_word' id='word_1_27' title='bbox 998 865 1192 948; x_wconf 86' lang='lat' dir='ltr'>paucissima</span> <span class='ocrx_word' id='word_1_28' title='bbox 1214 866 1302 933; x_wconf 89' lang='lat' dir='ltr'>haee.</span> <span class='ocrx_word' id='word_1_29' title='bbox 1350 868 1435 934; x_wconf 83' lang='lat' dir='ltr'>Ana·</span> <span class='ocrx_word' id='word_1_30' title='bbox 1557 871 1561 880; x_wconf 89' lang='lat'>&#39;</span> 
     </span>
     <span class='ocr_line' id='line_1_5' title="bbox 213 965 1437 1059; baseline -0.002 -16"><span class='ocrx_word' id='word_1_31' title='bbox 213 976 379 1044; x_wconf 82' lang='lat' dir='ltr'>nimander</span> <span class='ocrx_word' id='word_1_32' title='bbox 403 974 577 1042; x_wconf 87' lang='lat' dir='ltr'>secundum</span> <span class='ocrx_word' id='word_1_33' title='bbox 599 973 776 1056; x_wconf 85' lang='lat' dir='ltr'>Diogenem</span> <span class='ocrx_word' id='word_1_34' title='bbox 798 965 869 1057; x_wconf 82' lang='grc' dir='ltr'><strong><em>εὗρε</em></strong></span> <span class='ocrx_word' id='word_1_35' title='bbox 891 971 1044 1054; x_wconf 76' lang='grc' dir='ltr'><strong><em>γνώμονα</em></strong></span> <span class='ocrx_word' id='word_1_36' title='bbox 1066 978 1190 1057; x_wconf 81' lang='grc' dir='ltr'><strong><em>πρῶτος</em></strong></span> <span class='ocrx_word' id='word_1_37' title='bbox 1218 973 1287 1056; x_wconf 80' lang='grc' dir='ltr'>(καὶ</span> <span class='ocrx_word' id='word_1_38' title='bbox 1309 973 1437 1059; x_wconf 79' lang='grc' dir='ltr'><strong><em>ἔστησεν</em></strong></span> 
     </span>
    </p>
   </div>
   <div class='ocr_carea' id='block_1_3' title="bbox 205 1077 1438 3833">
    <p class='ocr_par' dir='ltr' id='par_1_3' title="bbox 205 1077 1438 3833">
     <span class='ocr_line' id='line_1_6' title="bbox 214 1077 1435 1167; baseline -0.004 -18"><span class='ocrx_word' id='word_1_39' title='bbox 214 1085 269 1150; x_wconf 79' lang='grc' dir='ltr'>ἐπὶ</span> <span class='ocrx_word' id='word_1_40' title='bbox 284 1090 348 1149; x_wconf 81' lang='grc' dir='ltr'>τῶν</span> <span class='ocrx_word' id='word_1_41' title='bbox 363 1080 546 1167; x_wconf 68' lang='grc' dir='ltr'><strong><em>σκιοθήρων</em></strong></span> <span class='ocrx_word' id='word_1_42' title='bbox 568 1078 605 1145; x_wconf 76' lang='grc' dir='ltr'><strong><em>ἐν</em></strong></span> <span class='ocrx_word' id='word_1_43' title='bbox 620 1078 844 1160; x_wconf 86' lang='grc' dir='ltr'><strong><em>Λακεδαίμονι</em></strong></span> <span class='ocrx_word' id='word_1_44' title='bbox 863 1077 958 1141; x_wconf 76' lang='grc' dir='ltr'><strong><em>καθά</em></strong></span> <span class='ocrx_word' id='word_1_45' title='bbox 974 1095 1053 1163; x_wconf 82' lang='grc' dir='ltr'><strong><em>φησι</em></strong></span> <span class='ocrx_word' id='word_1_46' title='bbox 1076 1079 1267 1164; x_wconf 78' lang='grc' dir='ltr'><strong><em>Φαβωρῖνος</em></strong></span> <span class='ocrx_word' id='word_1_47' title='bbox 1288 1078 1323 1145; x_wconf 79' lang='grc' dir='ltr'><strong><em>ἐν</em></strong></span> <span class='ocrx_word' id='word_1_48' title='bbox 1340 1079 1435 1167; x_wconf 84' lang='grc' dir='ltr'>Π.Ἱ.)</span> 
     </span>
     <span class='ocr_line' id='line_1_7' title="bbox 213 1181 1436 1278; baseline -0.002 -22"><span class='ocrx_word' id='word_1_49' title='bbox 213 1187 332 1278; x_wconf 90' lang='grc' dir='ltr'><strong><em>τροπάς</em></strong></span> <span class='ocrx_word' id='word_1_50' title='bbox 355 1213 390 1253; x_wconf 86' lang='grc' dir='ltr'>τε</span> <span class='ocrx_word' id='word_1_51' title='bbox 412 1186 467 1252; x_wconf 77' lang='grc' dir='ltr'>καὶ</span> <span class='ocrx_word' id='word_1_52' title='bbox 489 1189 650 1273; x_wconf 74' lang='grc' dir='ltr'><strong><em>ἰσημερίας</em></strong></span> <span class='ocrx_word' id='word_1_53' title='bbox 673 1188 873 1271; x_wconf 70' lang='grc' dir='ltr'><strong><em>σημαίνοντα</em></strong></span> <span class='ocrx_word' id='word_1_54' title='bbox 896 1183 951 1247; x_wconf 71' lang='grc' dir='ltr'>καὶ</span> <span class='ocrx_word' id='word_1_55' title='bbox 977 1181 1161 1270; x_wconf 79' lang='grc' dir='ltr'><strong><em>ὦροσκάπια</em></strong></span> <span class='ocrx_word' id='word_1_56' title='bbox 1189 1184 1436 1272; x_wconf 85' lang='grc' dir='ltr'><strong><em>κατασκεάασεν,</em></strong></span> 
     </span>
     <span class='ocr_line' id='line_1_8' title="bbox 209 1287 1436 1380; baseline -0.004 -17"><span class='ocrx_word' id='word_1_57' title='bbox 209 1295 269 1362; x_wconf 80' lang='grc' dir='ltr'>καὶ</span> <span class='ocrx_word' id='word_1_58' title='bbox 292 1301 347 1380; x_wconf 75' lang='grc' dir='ltr'>γῆς</span> <span class='ocrx_word' id='word_1_59' title='bbox 370 1293 426 1358; x_wconf 72' lang='grc' dir='ltr'>καὶ</span> <span class='ocrx_word' id='word_1_60' title='bbox 449 1290 619 1378; x_wconf 71' lang='grc' dir='ltr'><strong><em>θαλάσσης</em></strong></span> <span class='ocrx_word' id='word_1_61' title='bbox 642 1295 829 1377; x_wconf 78' lang='grc' dir='ltr'><strong><em>περίμετρον</em></strong></span> <span class='ocrx_word' id='word_1_62' title='bbox 851 1296 975 1377; x_wconf 80' lang='grc' dir='ltr'><strong><em>πρῶτος</em></strong></span> <span class='ocrx_word' id='word_1_63' title='bbox 999 1291 1144 1378; x_wconf 78' lang='grc' dir='ltr'><strong><em>ἔγραψεν</em></strong></span> <span class='ocrx_word' id='word_1_64' title='bbox 1162 1287 1247 1356; x_wconf 88' lang='grc' dir='ltr'><strong><em>άλλά</em></strong></span> <span class='ocrx_word' id='word_1_65' title='bbox 1262 1293 1317 1357; x_wconf 82' lang='grc' dir='ltr'>καὶ</span> <span class='ocrx_word' id='word_1_66' title='bbox 1339 1303 1436 1380; x_wconf 82' lang='grc' dir='ltr'><strong><em>σφαῖ-</em></strong></span> 
     </span>
     <span class='ocr_line' id='line_1_9' title="bbox 207 1394 1437 1490; baseline -0.002 -24"><span class='ocrx_word' id='word_1_67' title='bbox 207 1415 276 1490; x_wconf 92' lang='grc' dir='ltr'>Ιραν</span> <span class='ocrx_word' id='word_1_68' title='bbox 298 1397 535 1470; x_wconf 77' lang='grc' dir='ltr'><strong><em>κατεσκεύασεν.</em></strong></span> <span class='ocrx_word' id='word_1_69' title='bbox 586 1399 759 1465; x_wconf 87' lang='lat' dir='ltr'>secundum</span> <span class='ocrx_word' id='word_1_70' title='bbox 789 1398 919 1464; x_wconf 83' lang='lat' dir='ltr'>Suidam</span> <span class='ocrx_word' id='word_1_71' title='bbox 946 1400 1069 1483; x_wconf 84' lang='grc' dir='ltr'><strong><em>πράτος</em></strong></span> <span class='ocrx_word' id='word_1_72' title='bbox 1097 1399 1261 1484; x_wconf 80' lang='grc' dir='ltr'><strong><em>ἰσημερίαν</em></strong></span> <span class='ocrx_word' id='word_1_73' title='bbox 1289 1394 1360 1487; x_wconf 82' lang='grc' dir='ltr'><strong><em>εὗρε</em></strong></span> <span class='ocrx_word' id='word_1_74' title='bbox 1382 1402 1437 1465; x_wconf 81' lang='grc' dir='ltr'>καὶ</span> 
     </span>
     <span class='ocr_line' id='line_1_10' title="bbox 207 1502 1438 1595; baseline 0.002 -23"><span class='ocrx_word' id='word_1_75' title='bbox 207 1507 334 1595; x_wconf 86' lang='grc' dir='ltr'><strong><em>τροπάς</em></strong></span> <span class='ocrx_word' id='word_1_76' title='bbox 357 1507 411 1571; x_wconf 81' lang='grc' dir='ltr'>καὶ</span> <span class='ocrx_word' id='word_1_77' title='bbox 434 1505 610 1592; x_wconf 77' lang='grc' dir='ltr'><strong><em>άρολογεία</em></strong></span> <span class='ocrx_word' id='word_1_78' title='bbox 632 1510 688 1569; x_wconf 81' lang='grc' dir='ltr'>καὶ</span> <span class='ocrx_word' id='word_1_79' title='bbox 702 1503 759 1588; x_wconf 81' lang='grc' dir='ltr'>τήν</span> <span class='ocrx_word' id='word_1_80' title='bbox 781 1506 842 1588; x_wconf 77' lang='grc' dir='ltr'><strong><em>γῆν</em></strong></span> <span class='ocrx_word' id='word_1_81' title='bbox 864 1504 900 1570; x_wconf 77' lang='grc' dir='ltr'><strong><em>ἐν</em></strong></span> <span class='ocrx_word' id='word_1_82' title='bbox 915 1502 1095 1591; x_wconf 74' lang='grc' dir='ltr'><strong><em>μεσαιτάτη)</em></strong></span> <span class='ocrx_word' id='word_1_83' title='bbox 1117 1510 1258 1588; x_wconf 74' lang='grc' dir='ltr'><strong><em>κεῖσθαι,</em></strong></span> <span class='ocrx_word' id='word_1_84' title='bbox 1282 1508 1438 1591; x_wconf 91' lang='grc' dir='ltr'><strong><em>γνοίμονά</em></strong></span> 
     </span>
     <span class='ocr_line' id='line_1_11' title="bbox 211 1608 1437 1700; baseline 0.001 -20"><span class='ocrx_word' id='word_1_85' title='bbox 211 1617 238 1679; x_wconf 87' lang='grc' dir='ltr'><strong><em>τ’</em></strong></span> <span class='ocrx_word' id='word_1_86' title='bbox 264 1614 411 1700; x_wconf 80' lang='grc' dir='ltr'><strong><em>εἰσήγαγε</em></strong></span> <span class='ocrx_word' id='word_1_87' title='bbox 445 1613 499 1677; x_wconf 77' lang='grc' dir='ltr'>καί</span> <span class='ocrx_word' id='word_1_88' title='bbox 533 1611 616 1687; x_wconf 86' lang='grc' dir='ltr'><strong><em>ὅλως</em></strong></span> <span class='ocrx_word' id='word_1_89' title='bbox 649 1617 837 1699; x_wconf 81' lang='grc' dir='ltr'><strong><em>γεωμετρίας</em></strong></span> <span class='ocrx_word' id='word_1_90' title='bbox 871 1608 1084 1677; x_wconf 78' lang='grc' dir='ltr'><strong><em>ὑποτύπωσιν</em></strong></span> <span class='ocrx_word' id='word_1_91' title='bbox 1111 1611 1240 1690; x_wconf 83' lang='grc' dir='ltr'><strong><em>ἔδειξεν.</em></strong></span> <span class='ocrx_word' id='word_1_92' title='bbox 1282 1614 1371 1680; x_wconf 84' lang='lat' dir='ltr'>vides</span> <span class='ocrx_word' id='word_1_93' title='bbox 1399 1621 1437 1681; x_wconf 87' lang='lat' dir='ltr'>ut</span> 
     </span>
     <span class='ocr_line' id='line_1_12' title="bbox 205 1718 1436 1804; baseline -0.001 -16"><span class='ocrx_word' id='word_1_94' title='bbox 205 1723 373 1804; x_wconf 78' lang='lat' dir='ltr'>&#39;Diogenes</span> <span class='ocrx_word' id='word_1_95' title='bbox 396 1722 443 1786; x_wconf 90' lang='lat' dir='ltr'>eis</span> <span class='ocrx_word' id='word_1_96' title='bbox 467 1738 549 1803; x_wconf 90' lang='lat' dir='ltr'>quae</span> <span class='ocrx_word' id='word_1_97' title='bbox 573 1719 659 1802; x_wconf 86' lang='lat' dir='ltr'>apud</span> <span class='ocrx_word' id='word_1_98' title='bbox 681 1718 833 1802; x_wconf 89' lang='lat' dir='ltr'>Hesychii</span> <span class='ocrx_word' id='word_1_99' title='bbox 857 1736 1012 1800; x_wconf 88' lang='lat' dir='ltr'>suumque</span> <span class='ocrx_word' id='word_1_100' title='bbox 1041 1723 1205 1785; x_wconf 79' lang='lat' dir='ltr'>auctorem</span> <span class='ocrx_word' id='word_1_101' title='bbox 1227 1721 1350 1788; x_wconf 84' lang='lat' dir='ltr'>inuenit</span> <span class='ocrx_word' id='word_1_102' title='bbox 1376 1723 1436 1787; x_wconf 88' lang='lat' dir='ltr'>Fa·</span> 
     </span>
     <span class='ocr_line' id='line_1_13' title="bbox 212 1824 1436 1910; baseline -0.002 -14"><span class='ocrx_word' id='word_1_103' title='bbox 212 1831 357 1896; x_wconf 83' lang='lat' dir='ltr'>vorinum</span> <span class='ocrx_word' id='word_1_104' title='bbox 373 1827 554 1894; x_wconf 81' lang='lat' dir='ltr'>immiscet?</span> <span class='ocrx_word' id='word_1_105' title='bbox 588 1825 682 1891; x_wconf 89' lang='lat' dir='ltr'>Plato</span> <span class='ocrx_word' id='word_1_106' title='bbox 707 1825 879 1890; x_wconf 85' lang='lat' dir='ltr'>secundum</span> <span class='ocrx_word' id='word_1_107' title='bbox 896 1824 1027 1891; x_wconf 84' lang='lat' dir='ltr'>Suidam</span> <span class='ocrx_word' id='word_1_108' title='bbox 1051 1844 1114 1891; x_wconf 90' lang='lat' dir='ltr'>non</span> <span class='ocrx_word' id='word_1_109' title='bbox 1132 1826 1227 1892; x_wconf 88' lang='lat' dir='ltr'>aliter</span> <span class='ocrx_word' id='word_1_110' title='bbox 1246 1832 1343 1910; x_wconf 90' lang='lat' dir='ltr'>atque</span> <span class='ocrx_word' id='word_1_111' title='bbox 1358 1828 1436 1894; x_wconf 92' lang='lat' dir='ltr'>Por-</span> 
     </span>
     <span class='ocr_line' id='line_1_14' title="bbox 211 1931 1434 2020; baseline -0.002 -18"><span class='ocrx_word' id='word_1_112' title='bbox 211 1937 360 2020; x_wconf 86' lang='lat' dir='ltr'>phyrium</span> <span class='ocrx_word' id='word_1_113' title='bbox 383 1936 416 2001; x_wconf 95' lang='lat' dir='ltr'>in</span> <span class='ocrx_word' id='word_1_114' title='bbox 439 1933 545 2000; x_wconf 91' lang='lat' dir='ltr'>insula</span> <span class='ocrx_word' id='word_1_115' title='bbox 561 1933 685 2014; x_wconf 81' lang='lat' dir='ltr'>Aegina</span> <span class='ocrx_word' id='word_1_116' title='bbox 707 1931 866 1997; x_wconf 86' lang='lat' dir='ltr'>nascitur:</span> <span class='ocrx_word' id='word_1_117' title='bbox 892 1932 977 2013; x_wconf 90' lang='lat' dir='ltr'>apud</span> <span class='ocrx_word' id='word_1_118' title='bbox 993 1931 1170 2013; x_wconf 85' lang='lat' dir='ltr'>Diogenem</span> <span class='ocrx_word' id='word_1_119' title='bbox 1192 1934 1328 2016; x_wconf 89' lang='lat' dir='ltr'>legimus</span> <span class='ocrx_word' id='word_1_120' title='bbox 1351 1933 1434 1999; x_wconf 85' lang='lat'><strong>1113</strong></span> 
     </span>
     <span class='ocr_line' id='line_1_15' title="bbox 212 2033 1437 2128; baseline 0 -21"><span class='ocrx_word' id='word_1_121' title='bbox 212 2043 373 2128; x_wconf 74' lang='grc' dir='ltr'><strong><em>ἐγεννήθη</em></strong></span> <span class='ocrx_word' id='word_1_122' title='bbox 398 2040 434 2106; x_wconf 79' lang='grc' dir='ltr'>δὲ</span> <span class='ocrx_word' id='word_1_123' title='bbox 467 2036 551 2104; x_wconf 86' lang='grc' dir='ltr'><strong><em>κατά</em></strong></span> <span class='ocrx_word' id='word_1_124' title='bbox 584 2058 675 2111; x_wconf 89' lang='grc' dir='ltr'><strong><em>τινας</em></strong></span> <span class='ocrx_word' id='word_1_125' title='bbox 706 2033 742 2102; x_wconf 78' lang='grc' dir='ltr'><strong><em>ἐν</em></strong></span> <span class='ocrx_word' id='word_1_126' title='bbox 764 2038 885 2122; x_wconf 76' lang='grc' dir='ltr'>ΑἰγίνηΙ</span> <span class='ocrx_word' id='word_1_127' title='bbox 906 2034 957 2119; x_wconf 77' lang='grc' dir='ltr'>(ἐν</span> <span class='ocrx_word' id='word_1_128' title='bbox 983 2044 1018 2127; x_wconf 75' lang='grc' dir='ltr'><strong><em>τῇ</em></strong></span> <span class='ocrx_word' id='word_1_129' title='bbox 1048 2035 1226 2103; x_wconf 80' lang='grc' dir='ltr'><strong><em>Φειδιάδου</em></strong></span> <span class='ocrx_word' id='word_1_130' title='bbox 1260 2042 1346 2122; x_wconf 75' lang='grc' dir='ltr'><strong><em>οἰκίᾳ</em></strong></span> <span class='ocrx_word' id='word_1_131' title='bbox 1379 2041 1437 2107; x_wconf 78' lang='grc' dir='ltr'><strong><em>τοῦ</em></strong></span> 
     </span>
     <span class='ocr_line' id='line_1_16' title="bbox 213 2140 1436 2233; baseline -0.002 -19"><span class='ocrx_word' id='word_1_132' title='bbox 213 2148 368 2233; x_wconf 82' lang='grc' dir='ltr'><strong><em>Θάλητος,</em></strong></span> <span class='ocrx_word' id='word_1_133' title='bbox 396 2145 438 2221; x_wconf 82' lang='grc' dir='ltr'>ὥς</span> <span class='ocrx_word' id='word_1_134' title='bbox 467 2160 547 2230; x_wconf 82' lang='grc' dir='ltr'><strong><em>φησι</em></strong></span> <span class='ocrx_word' id='word_1_135' title='bbox 571 2145 611 2209; x_wconf 81' lang='grc' dir='ltr'>Φ.</span> <span class='ocrx_word' id='word_1_136' title='bbox 637 2142 673 2209; x_wconf 77' lang='grc' dir='ltr'><strong><em>ἐν</em></strong></span> <span class='ocrx_word' id='word_1_137' title='bbox 697 2140 796 2225; x_wconf 65' lang='lat'>117.)</span> <span class='ocrx_word' id='word_1_138' title='bbox 819 2147 875 2208; x_wconf 82' lang='grc' dir='ltr'><strong><em>τοῦ</em></strong></span> <span class='ocrx_word' id='word_1_139' title='bbox 898 2144 1022 2229; x_wconf 85' lang='grc' dir='ltr'><strong><em>πατρὸς</em></strong></span> <span class='ocrx_word' id='word_1_140' title='bbox 1047 2195 1105 2210; x_wconf 90' lang='grc'>...</span> <span class='ocrx_word' id='word_1_141' title='bbox 1130 2149 1337 2231; x_wconf 76' lang='grc' dir='ltr'><strong><em>πεμφθέντος</em></strong></span> <span class='ocrx_word' id='word_1_142' title='bbox 1364 2148 1436 2233; x_wconf 86' lang='grc' dir='ltr'><strong><em>κλη-</em></strong></span> 
     </span>
     <span class='ocr_line' id='line_1_17' title="bbox 213 2249 1436 2342; baseline -0.001 -22"><span class='ocrx_word' id='word_1_143' title='bbox 213 2253 336 2342; x_wconf 79' lang='grc' dir='ltr'><strong><em>ρούχου</em></strong></span> <span class='ocrx_word' id='word_1_144' title='bbox 359 2255 420 2320; x_wconf 67' lang='lat' dir='ltr'>aas.</span> <span class='ocrx_word' id='word_1_145' title='bbox 456 2250 546 2319; x_wconf 85' lang='lat' dir='ltr'>vides</span> <span class='ocrx_word' id='word_1_146' title='bbox 576 2249 899 2316; x_wconf 74' lang='lat' dir='ltr'>contaminationem?</span> <span class='ocrx_word' id='word_1_147' title='bbox 929 2249 1049 2317; x_wconf 80' lang='lat' dir='ltr'>Suidas</span> <span class='ocrx_word' id='word_1_148' title='bbox 1073 2250 1292 2339; x_wconf 78' lang='grc' dir='ltr'><strong><em>Ἐμπεδοκλῆς</em></strong></span> <span class='ocrx_word' id='word_1_149' title='bbox 1322 2258 1436 2319; x_wconf 78' lang='grc' dir='ltr'><strong><em>Μέτοι-</em></strong></span> 
     </span>
     <span class='ocr_line' id='line_1_18' title="bbox 212 2352 1436 2445; baseline -0.002 -17"><span class='ocrx_word' id='word_1_150' title='bbox 212 2385 276 2442; x_wconf 82' lang='grc' dir='ltr'><strong><em>νος,</em></strong></span> <span class='ocrx_word' id='word_1_151' title='bbox 302 2367 336 2425; x_wconf 84' lang='grc' dir='ltr'>οί</span> <span class='ocrx_word' id='word_1_152' title='bbox 355 2360 385 2426; x_wconf 88' lang='grc' dir='ltr'>δ’</span> <span class='ocrx_word' id='word_1_153' title='bbox 405 2355 611 2445; x_wconf 79' lang='grc' dir='ltr'><strong><em>Ἀρχενάμον,</em></strong></span> <span class='ocrx_word' id='word_1_154' title='bbox 635 2362 669 2422; x_wconf 73' lang='lat' dir='ltr'>ol*</span> <span class='ocrx_word' id='word_1_155' title='bbox 689 2357 717 2422; x_wconf 86' lang='grc' dir='ltr'>δ’</span> <span class='ocrx_word' id='word_1_156' title='bbox 736 2352 938 2439; x_wconf 78' lang='grc' dir='ltr'><strong><em>Ἐξαινέτου,</em></strong></span> <span class='ocrx_word' id='word_1_157' title='bbox 968 2357 1022 2421; x_wconf 83' lang='grc' dir='ltr'>καὶ</span> <span class='ocrx_word' id='word_1_158' title='bbox 1049 2354 1196 2444; x_wconf 86' lang='grc' dir='ltr'><strong><em>άδελφδν</em></strong></span> <span class='ocrx_word' id='word_1_159' title='bbox 1220 2358 1290 2438; x_wconf 86' lang='grc' dir='ltr'><strong><em>ἔσχε</em></strong></span> <span class='ocrx_word' id='word_1_160' title='bbox 1316 2360 1436 2426; x_wconf 86' lang='grc' dir='ltr'><strong><em>Καλλι-</em></strong></span> 
     </span>
     <span class='ocr_line' id='line_1_19' title="bbox 211 2463 1435 2555; baseline 0.002 -23"><span class='ocrx_word' id='word_1_161' title='bbox 211 2467 340 2555; x_wconf 84' lang='grc' dir='ltr'><strong><em>κράτην.</em></strong></span> <span class='ocrx_word' id='word_1_162' title='bbox 379 2467 541 2548; x_wconf 83' lang='lat' dir='ltr'>Diogenes</span> <span class='ocrx_word' id='word_1_163' title='bbox 570 2466 603 2529; x_wconf 92' lang='lat' dir='ltr'>in</span> <span class='ocrx_word' id='word_1_164' title='bbox 631 2464 716 2530; x_wconf 84' lang='lat' dir='ltr'>ritae</span> <span class='ocrx_word' id='word_1_165' title='bbox 743 2463 901 2545; x_wconf 89' lang='lat' dir='ltr'>principio</span> <span class='ocrx_word' id='word_1_166' title='bbox 926 2463 1089 2532; x_wconf 90' lang='lat' dir='ltr'>Metonem</span> <span class='ocrx_word' id='word_1_167' title='bbox 1112 2471 1238 2547; x_wconf 89' lang='lat' dir='ltr'>patrem</span> <span class='ocrx_word' id='word_1_168' title='bbox 1261 2469 1370 2550; x_wconf 84' lang='lat' dir='ltr'>ponit,</span> <span class='ocrx_word' id='word_1_169' title='bbox 1395 2470 1435 2535; x_wconf 89' lang='lat' dir='ltr'>de</span> 
     </span>
     <span class='ocr_line' id='line_1_20' title="bbox 213 2569 1435 2659; baseline -0.001 -17"><span class='ocrx_word' id='word_1_170' title='bbox 213 2595 275 2659; x_wconf 91' lang='lat' dir='ltr'>quo</span> <span class='ocrx_word' id='word_1_171' title='bbox 300 2575 459 2659; x_wconf 86' lang='lat' dir='ltr'>exquisita</span> <span class='ocrx_word' id='word_1_172' title='bbox 483 2575 687 2655; x_wconf 85' lang='lat' dir='ltr'>apponuntur</span> <span class='ocrx_word' id='word_1_173' title='bbox 713 2569 905 2636; x_wconf 90' lang='lat' dir='ltr'>testimonia.</span> <span class='ocrx_word' id='word_1_174' title='bbox 943 2571 1088 2654; x_wconf 89' lang='lat' dir='ltr'>seqnitur</span> <span class='ocrx_word' id='word_1_175' title='bbox 1111 2592 1128 2637; x_wconf 89' lang='lat' dir='ltr'>e</span> <span class='ocrx_word' id='word_1_176' title='bbox 1153 2571 1267 2656; x_wconf 85' lang='lat' dir='ltr'>Satyro</span> <span class='ocrx_word' id='word_1_177' title='bbox 1291 2575 1435 2642; x_wconf 85' lang='lat' dir='ltr'>Exaeno-</span> 
     </span>
     <span class='ocr_line' id='line_1_21' title="bbox 213 2674 1434 2763; baseline -0.001 -14"><span class='ocrx_word' id='word_1_178' title='bbox 213 2688 265 2750; x_wconf 90' lang='lat' dir='ltr'>tus</span> <span class='ocrx_word' id='word_1_179' title='bbox 290 2687 323 2748; x_wconf 90' lang='lat' dir='ltr'>et</span> <span class='ocrx_word' id='word_1_180' title='bbox 345 2682 385 2746; x_wconf 91' lang='lat' dir='ltr'>de</span> <span class='ocrx_word' id='word_1_181' title='bbox 413 2678 557 2746; x_wconf 85' lang='lat' dir='ltr'>victoriis</span> <span class='ocrx_word' id='word_1_182' title='bbox 581 2676 754 2758; x_wconf 91' lang='lat' dir='ltr'>Olympicis</span> <span class='ocrx_word' id='word_1_183' title='bbox 777 2674 965 2757; x_wconf 59' lang='lat' dir='ltr'>narratio),</span> <span class='ocrx_word' id='word_1_184' title='bbox 994 2677 1109 2760; x_wconf 88' lang='lat' dir='ltr'>quibus</span> <span class='ocrx_word' id='word_1_185' title='bbox 1131 2679 1293 2761; x_wconf 85' lang='lat' dir='ltr'>Diogenes</span> <span class='ocrx_word' id='word_1_186' title='bbox 1317 2681 1434 2763; x_wconf 88' lang='lat' dir='ltr'>gloria-</span> 
     </span>
     <span class='ocr_line' id='line_1_22' title="bbox 212 2777 1434 2870; baseline -0.002 -15"><span class='ocrx_word' id='word_1_187' title='bbox 212 2789 338 2856; x_wconf 91' lang='lat' dir='ltr'>bundus</span> <span class='ocrx_word' id='word_1_188' title='bbox 368 2786 459 2851; x_wconf 85' lang='lat' dir='ltr'>addit</span> <span class='ocrx_word' id='word_1_189' title='bbox 480 2784 558 2852; x_wconf 89' lang='lat' dir='ltr'>VIII</span> <span class='ocrx_word' id='word_1_190' title='bbox 581 2783 623 2848; x_wconf 84' lang='lat'>53</span> <span class='ocrx_word' id='word_1_191' title='bbox 652 2783 714 2862; x_wconf 75' lang='grc' dir='ltr'>ἐγώ</span> <span class='ocrx_word' id='word_1_192' title='bbox 743 2781 771 2846; x_wconf 86' lang='grc' dir='ltr'>δ’</span> <span class='ocrx_word' id='word_1_193' title='bbox 802 2777 895 2868; x_wconf 82' lang='grc' dir='ltr'><strong><em>εὗρον</em></strong></span> <span class='ocrx_word' id='word_1_194' title='bbox 923 2781 959 2848; x_wconf 72' lang='grc' dir='ltr'><strong><em>ἓν</em></strong></span> <span class='ocrx_word' id='word_1_195' title='bbox 988 2794 1053 2858; x_wconf 77' lang='grc' dir='ltr'><strong><em>τοῖς</em></strong></span> <span class='ocrx_word' id='word_1_196' title='bbox 1079 2782 1286 2868; x_wconf 79' lang='grc' dir='ltr'><strong><em>δπομνήμασι</em></strong></span> <span class='ocrx_word' id='word_1_197' title='bbox 1318 2789 1434 2870; x_wconf 76' lang='grc' dir='ltr'><strong><em>Φαβω-</em></strong></span> 
     </span>
     <span class='ocr_line' id='line_1_23' title="bbox 213 2885 1435 2984; baseline 0 -26"><span class='ocrx_word' id='word_1_198' title='bbox 213 2898 304 2984; x_wconf 84' lang='grc' dir='ltr'><strong><em>ρίνου</em></strong></span> <span class='ocrx_word' id='word_1_199' title='bbox 327 2890 374 2958; x_wconf 86' lang='grc' dir='ltr'><strong><em>ὅτι</em></strong></span> <span class='ocrx_word' id='word_1_200' title='bbox 397 2890 452 2955; x_wconf 76' lang='grc' dir='ltr'>καί</span> <span class='ocrx_word' id='word_1_201' title='bbox 474 2892 553 2973; x_wconf 79' lang='grc' dir='ltr'><strong><em>βοῦν</em></strong></span> <span class='ocrx_word' id='word_1_202' title='bbox 577 2888 677 2954; x_wconf 73' lang='grc' dir='ltr'><strong><em>ἔθυσε</em></strong></span> <span class='ocrx_word' id='word_1_203' title='bbox 699 2900 763 2963; x_wconf 75' lang='grc' dir='ltr'><strong><em>τοῖς</em></strong></span> <span class='ocrx_word' id='word_1_204' title='bbox 790 2891 930 2975; x_wconf 74' lang='grc' dir='ltr'><strong><em>θεωροῖς</em></strong></span> <span class='ocrx_word' id='word_1_205' title='bbox 952 2885 1031 2954; x_wconf 83' lang='grc' dir='ltr'>δἝ.</span> <span class='ocrx_word' id='word_1_206' title='bbox 1056 2888 1091 2954; x_wconf 76' lang='grc' dir='ltr'>ἐκ</span> <span class='ocrx_word' id='word_1_207' title='bbox 1113 2890 1238 2974; x_wconf 83' lang='grc' dir='ltr'><strong><em>μέλιτος</em></strong></span> <span class='ocrx_word' id='word_1_208' title='bbox 1260 2896 1316 2956; x_wconf 74' lang='grc' dir='ltr'>καὶ</span> <span class='ocrx_word' id='word_1_209' title='bbox 1339 2893 1435 2980; x_wconf 76' lang='grc' dir='ltr'><strong><em>ἀλφί-</em></strong></span> 
     </span>
     <span class='ocr_line' id='line_1_24' title="bbox 211 2993 1433 3081; baseline 0.002 -15"><span class='ocrx_word' id='word_1_210' title='bbox 211 3023 286 3068; x_wconf 83' lang='grc' dir='ltr'><strong><em>τιον.</em></strong></span> <span class='ocrx_word' id='word_1_211' title='bbox 320 3004 376 3063; x_wconf 76' lang='grc' dir='ltr'>καὶ</span> <span class='ocrx_word' id='word_1_212' title='bbox 398 2993 549 3081; x_wconf 78' lang='grc' dir='ltr'><strong><em>άδελφδν</em></strong></span> <span class='ocrx_word' id='word_1_213' title='bbox 572 2997 643 3078; x_wconf 84' lang='grc' dir='ltr'><strong><em>ἔσχε</em></strong></span> <span class='ocrx_word' id='word_1_214' title='bbox 658 2994 924 3081; x_wconf 85' lang='grc' dir='ltr'><strong><em>Καλλικρατίδην.</em></strong></span> <span class='ocrx_word' id='word_1_215' title='bbox 962 2996 1099 3079; x_wconf 81' lang='lat' dir='ltr'>denique</span> <span class='ocrx_word' id='word_1_216' title='bbox 1114 2999 1433 3079; x_wconf 81' lang='lat' dir='ltr'>paterArchinomus</span> 
     </span>
     <span class='ocr_line' id='line_1_25' title="bbox 212 3098 1430 3188; baseline 0 -14"><span class='ocrx_word' id='word_1_217' title='bbox 212 3106 405 3188; x_wconf 88' lang='lat' dir='ltr'>eTelaugis</span> <span class='ocrx_word' id='word_1_218' title='bbox 429 3099 577 3186; x_wconf 88' lang='lat' dir='ltr'>epistula.</span> <span class='ocrx_word' id='word_1_219' title='bbox 614 3098 724 3164; x_wconf 84' lang='lat' dir='ltr'>fratris</span> <span class='ocrx_word' id='word_1_220' title='bbox 756 3117 833 3180; x_wconf 89' lang='lat' dir='ltr'>ergo</span> <span class='ocrx_word' id='word_1_221' title='bbox 862 3104 1017 3167; x_wconf 89' lang='lat' dir='ltr'>memoria</span> <span class='ocrx_word' id='word_1_222' title='bbox 1050 3103 1130 3170; x_wconf 89' lang='lat' dir='ltr'>nihil</span> <span class='ocrx_word' id='word_1_223' title='bbox 1157 3105 1198 3170; x_wconf 91' lang='lat' dir='ltr'>ad</span> <span class='ocrx_word' id='word_1_224' title='bbox 1229 3105 1430 3174; x_wconf 87' lang='lat' dir='ltr'>Favorinum.</span> 
     </span>
     <span class='ocr_line' id='line_1_26' title="bbox 211 3204 1433 3297; baseline -0.001 -16"><span class='ocrx_word' id='word_1_225' title='bbox 211 3221 296 3297; x_wconf 76' lang='lat' dir='ltr'>tene,</span> <span class='ocrx_word' id='word_1_226' title='bbox 320 3214 365 3280; x_wconf 94' lang='lat' dir='ltr'>mi</span> <span class='ocrx_word' id='word_1_227' title='bbox 380 3212 511 3293; x_wconf 77' lang='lat' dir='ltr'>Maassi</span> <span class='ocrx_word' id='word_1_228' title='bbox 535 3210 596 3276; x_wconf 94' lang='lat' dir='ltr'>hoc</span> <span class='ocrx_word' id='word_1_229' title='bbox 612 3205 739 3274; x_wconf 88' lang='lat' dir='ltr'>etiamsi</span> <span class='ocrx_word' id='word_1_230' title='bbox 762 3204 857 3270; x_wconf 89' lang='lat' dir='ltr'>aliter</span> <span class='ocrx_word' id='word_1_231' title='bbox 873 3224 908 3272; x_wconf 90' lang='lat' dir='ltr'>se</span> <span class='ocrx_word' id='word_1_232' title='bbox 931 3207 1076 3290; x_wconf 86' lang='lat' dir='ltr'>haberet,</span> <span class='ocrx_word' id='word_1_233' title='bbox 1100 3231 1159 3293; x_wconf 92' lang='lat' dir='ltr'>pro</span> <span class='ocrx_word' id='word_1_234' title='bbox 1177 3217 1209 3279; x_wconf 86' lang='lat' dir='ltr'>te</span> <span class='ocrx_word' id='word_1_235' title='bbox 1225 3233 1288 3280; x_wconf 93' lang='lat' dir='ltr'>non</span> <span class='ocrx_word' id='word_1_236' title='bbox 1311 3233 1433 3297; x_wconf 87' lang='lat' dir='ltr'>pugna-</span> 
     </span>
     <span class='ocr_line' id='line_1_27' title="bbox 211 3307 1431 3404; baseline -0.001 -16"><span class='ocrx_word' id='word_1_237' title='bbox 211 3328 318 3388; x_wconf 89' lang='lat' dir='ltr'>turum</span> <span class='ocrx_word' id='word_1_238' title='bbox 348 3320 457 3400; x_wconf 86' lang='lat' dir='ltr'>fuisse,</span> <span class='ocrx_word' id='word_1_239' title='bbox 493 3307 544 3384; x_wconf 84' lang='lat' dir='ltr'>est</span> <span class='ocrx_word' id='word_1_240' title='bbox 578 3315 662 3382; x_wconf 88' lang='lat' dir='ltr'>enim</span> <span class='ocrx_word' id='word_1_241' title='bbox 691 3311 948 3380; x_wconf 87' lang='lat' dir='ltr'>Memorabilium</span> <span class='ocrx_word' id='word_1_242' title='bbox 977 3322 1176 3400; x_wconf 68' lang='lat' dir='ltr'>excerptum</span> <span class='ocrx_word' id='word_1_243' title='bbox 1206 3321 1263 3386; x_wconf 91' lang='lat' dir='ltr'>sed</span> <span class='ocrx_word' id='word_1_244' title='bbox 1286 3326 1431 3404; x_wconf 88' lang='lat' dir='ltr'>augetur,</span> 
     </span>
     <span class='ocr_line' id='line_1_28' title="bbox 211 3421 1430 3512; baseline -0.001 -17"><span class='ocrx_word' id='word_1_245' title='bbox 211 3430 334 3512; x_wconf 82' lang='lat' dir='ltr'>opinor,</span> <span class='ocrx_word' id='word_1_246' title='bbox 363 3429 411 3494; x_wconf 88' lang='lat' dir='ltr'>vis</span> <span class='ocrx_word' id='word_1_247' title='bbox 439 3443 530 3492; x_wconf 91' lang='lat' dir='ltr'>meae</span> <span class='ocrx_word' id='word_1_248' title='bbox 559 3421 738 3490; x_wconf 88' lang='lat' dir='ltr'>sententiae</span> <span class='ocrx_word' id='word_1_249' title='bbox 768 3421 796 3486; x_wconf 93' lang='lat' dir='ltr'>si</span> <span class='ocrx_word' id='word_1_250' title='bbox 824 3421 863 3486; x_wconf 90' lang='lat' dir='ltr'>de</span> <span class='ocrx_word' id='word_1_251' title='bbox 895 3427 1032 3505; x_wconf 91' lang='lat' dir='ltr'>utroque</span> <span class='ocrx_word' id='word_1_252' title='bbox 1054 3424 1205 3491; x_wconf 88' lang='lat' dir='ltr'>Favorini</span> <span class='ocrx_word' id='word_1_253' title='bbox 1228 3426 1310 3492; x_wconf 91' lang='lat' dir='ltr'>libro</span> <span class='ocrx_word' id='word_1_254' title='bbox 1334 3429 1430 3496; x_wconf 85' lang='lat' dir='ltr'>valet.</span> 
     </span>
     <span class='ocr_line' id='line_1_29' title="bbox 211 3527 1432 3617; baseline 0 -16"><span class='ocrx_word' id='word_1_255' title='bbox 211 3537 372 3601; x_wconf 81' lang='lat' dir='ltr'>etiamen</span> <span class='ocrx_word' id='word_1_256' title='bbox 399 3551 482 3617; x_wconf 91' lang='lat' dir='ltr'>quae</span> <span class='ocrx_word' id='word_1_257' title='bbox 505 3532 523 3616; x_wconf 82' lang='lat'>§</span> <span class='ocrx_word' id='word_1_258' title='bbox 548 3530 589 3595; x_wconf 80' lang='lat'>73</span> <span class='ocrx_word' id='word_1_259' title='bbox 618 3529 658 3594; x_wconf 92' lang='lat' dir='ltr'>de</span> <span class='ocrx_word' id='word_1_260' title='bbox 684 3533 774 3594; x_wconf 87' lang='lat' dir='ltr'>veste</span> <span class='ocrx_word' id='word_1_261' title='bbox 796 3527 1000 3610; x_wconf 83' lang='lat' dir='ltr'>Empedoclis</span> <span class='ocrx_word' id='word_1_262' title='bbox 1027 3529 1210 3597; x_wconf 86' lang='lat' dir='ltr'>referuntur</span> <span class='ocrx_word' id='word_1_263' title='bbox 1240 3534 1432 3601; x_wconf 83' lang='lat' dir='ltr'>eFavorini</span> 
     </span>
     <span class='ocr_line' id='line_1_30' title="bbox 210 3634 1432 3722; baseline -0.002 -13"><span class='ocrx_word' id='word_1_264' title='bbox 210 3641 483 3721; x_wconf 86' lang='lat' dir='ltr'>Memorabilibus‚</span> <span class='ocrx_word' id='word_1_265' title='bbox 499 3639 675 3704; x_wconf 85' lang='lat' dir='ltr'>intertexta</span> <span class='ocrx_word' id='word_1_266' title='bbox 690 3634 847 3700; x_wconf 89' lang='lat' dir='ltr'>Neanthis</span> <span class='ocrx_word' id='word_1_267' title='bbox 865 3637 1053 3718; x_wconf 84' lang='lat' dir='ltr'>narrationi,</span> <span class='ocrx_word' id='word_1_268' title='bbox 1070 3638 1281 3722; x_wconf 85' lang='lat' dir='ltr'>similiterque</span> <span class='ocrx_word' id='word_1_269' title='bbox 1295 3641 1432 3707; x_wconf 91' lang='lat' dir='ltr'>redeunt</span> 
     </span>
     <span class='ocr_line' id='line_1_31' title="bbox 212 3743 1428 3833; baseline -0.002 -17"><span class='ocrx_word' id='word_1_270' title='bbox 212 3750 298 3833; x_wconf 84' lang='lat' dir='ltr'>apud</span> <span class='ocrx_word' id='word_1_271' title='bbox 314 3748 453 3829; x_wconf 83' lang='lat' dir='ltr'>Suidom,</span> <span class='ocrx_word' id='word_1_272' title='bbox 477 3763 541 3812; x_wconf 92' lang='lat' dir='ltr'>non</span> <span class='ocrx_word' id='word_1_273' title='bbox 565 3762 644 3827; x_wconf 89' lang='lat' dir='ltr'>opus</span> <span class='ocrx_word' id='word_1_274' title='bbox 661 3748 711 3810; x_wconf 88' lang='lat' dir='ltr'>est</span> <span class='ocrx_word' id='word_1_275' title='bbox 735 3761 773 3808; x_wconf 87' lang='lat' dir='ltr'>ex</span> <span class='ocrx_word' id='word_1_276' title='bbox 788 3743 946 3810; x_wconf 88' lang='lat' dir='ltr'>Favorino</span> <span class='ocrx_word' id='word_1_277' title='bbox 963 3749 1091 3828; x_wconf 84' lang='lat' dir='ltr'>sumpto</span> <span class='ocrx_word' id='word_1_278' title='bbox 1107 3761 1178 3812; x_wconf 89' lang='lat' dir='ltr'>esse</span> <span class='ocrx_word' id='word_1_279' title='bbox 1202 3746 1242 3812; x_wconf 91' lang='lat' dir='ltr'>ab</span> <span class='ocrx_word' id='word_1_280' title='bbox 1258 3746 1428 3830; x_wconf 70' lang='lat' dir='ltr'>Hesychia</span> 
     </span>
    </p>
   </div>
   <div class='ocr_carea' id='block_1_4' title="bbox 209 3951 1431 4474">
    <p class='ocr_par' dir='ltr' id='par_1_4' title="bbox 209 3951 1431 4474">
     <span class='ocr_line' id='line_1_32' title="bbox 281 3951 1431 4030; baseline 0 -16"><span class='ocrx_word' id='word_1_281' title='bbox 281 3960 304 4030; x_wconf 83' lang='grc'>1)</span> <span class='ocrx_word' id='word_1_282' title='bbox 322 3957 510 4014; x_wconf 85' lang='lat' dir='ltr'>Memorabilis</span> <span class='ocrx_word' id='word_1_283' title='bbox 530 3956 576 4011; x_wconf 90' lang='lat' dir='ltr'>hic</span> <span class='ocrx_word' id='word_1_284' title='bbox 599 3954 684 4022; x_wconf 87' lang='lat' dir='ltr'>locus,</span> <span class='ocrx_word' id='word_1_285' title='bbox 709 3968 771 4008; x_wconf 86' lang='lat' dir='ltr'>nam</span> <span class='ocrx_word' id='word_1_286' title='bbox 794 3956 940 4022; x_wconf 83' lang='lat' dir='ltr'>postquam</span> <span class='ocrx_word' id='word_1_287' title='bbox 964 3968 979 4008; x_wconf 90' lang='lat' dir='ltr'>e</span> <span class='ocrx_word' id='word_1_288' title='bbox 999 3951 1097 4024; x_wconf 84' lang='lat' dir='ltr'>Satyro</span> <span class='ocrx_word' id='word_1_289' title='bbox 1119 3959 1259 4010; x_wconf 86' lang='lat' dir='ltr'>narratum</span> <span class='ocrx_word' id='word_1_290' title='bbox 1283 3963 1337 4028; x_wconf 89' lang='lat' dir='ltr'>est,</span> <span class='ocrx_word' id='word_1_291' title='bbox 1355 3957 1431 4015; x_wconf 84' lang='lat' dir='ltr'>lucta</span> 
     </span>
     <span class='ocr_line' id='line_1_33' title="bbox 210 4039 1429 4118; baseline -0.004 -11"><span class='ocrx_word' id='word_1_292' title='bbox 210 4049 308 4107; x_wconf 80' lang='lat' dir='ltr'>vicisse</span> <span class='ocrx_word' id='word_1_293' title='bbox 331 4048 515 4116; x_wconf 82' lang='lat' dir='ltr'>Exaenctum,</span> <span class='ocrx_word' id='word_1_294' title='bbox 540 4044 650 4101; x_wconf 73' lang='lat' dir='ltr'>addilur</span> <span class='ocrx_word' id='word_1_295' title='bbox 673 4043 688 4109; x_wconf 78' lang='grc' dir='ltr'><em>ἢ</em></span> <span class='ocrx_word' id='word_1_296' title='bbox 712 4039 747 4105; x_wconf 79' lang='grc' dir='ltr'>ὥς</span> <span class='ocrx_word' id='word_1_297' title='bbox 765 4039 937 4114; x_wconf 79' lang='grc' dir='ltr'><strong><em>Ἡρακλείδης</em></strong></span> <span class='ocrx_word' id='word_1_298' title='bbox 963 4046 991 4096; x_wconf 71' lang='grc' dir='ltr'><strong><em>ἐν</em></strong></span> <span class='ocrx_word' id='word_1_299' title='bbox 1013 4043 1043 4115; x_wconf 72' lang='grc' dir='ltr'><strong><em>τῇ</em></strong></span> <span class='ocrx_word' id='word_1_300' title='bbox 1065 4045 1176 4116; x_wconf 74' lang='grc' dir='ltr'><strong><em>ἐπιτομῇ</em></strong></span> <span class='ocrx_word' id='word_1_301' title='bbox 1198 4044 1300 4118; x_wconf 83' lang='grc' dir='ltr'><strong><em>δρόμῳ.</em></strong></span> <span class='ocrx_word' id='word_1_302' title='bbox 1342 4047 1429 4104; x_wconf 85' lang='lat' dir='ltr'>videri</span> 
     </span>
     <span class='ocr_line' id='line_1_34' title="bbox 210 4131 1428 4208; baseline -0.001 -15"><span class='ocrx_word' id='word_1_303' title='bbox 210 4139 295 4208; x_wconf 88' lang='lat' dir='ltr'>igitur</span> <span class='ocrx_word' id='word_1_304' title='bbox 313 4140 406 4206; x_wconf 90' lang='lat' dir='ltr'>potest</span> <span class='ocrx_word' id='word_1_305' title='bbox 425 4140 522 4190; x_wconf 88' lang='lat' dir='ltr'>auctor</span> <span class='ocrx_word' id='word_1_306' title='bbox 541 4133 613 4190; x_wconf 82' lang='lat' dir='ltr'>ritae</span> <span class='ocrx_word' id='word_1_307' title='bbox 634 4133 761 4203; x_wconf 85' lang='lat' dir='ltr'>Satyrum</span> <span class='ocrx_word' id='word_1_308' title='bbox 780 4131 868 4201; x_wconf 88' lang='lat' dir='ltr'>ipsum</span> <span class='ocrx_word' id='word_1_309' title='bbox 887 4147 950 4186; x_wconf 87' lang='lat' dir='ltr'>cnm</span> <span class='ocrx_word' id='word_1_310' title='bbox 967 4131 1116 4201; x_wconf 90' lang='lat' dir='ltr'>epitomato</span> <span class='ocrx_word' id='word_1_311' title='bbox 1135 4135 1327 4204; x_wconf 88' lang='lat' dir='ltr'>composuisse.</span> <span class='ocrx_word' id='word_1_312' title='bbox 1355 4137 1428 4206; x_wconf 86' lang='lat' dir='ltr'>qnod</span> 
     </span>
     <span class='ocr_line' id='line_1_35' title="bbox 209 4219 1429 4294; baseline -0.002 -11"><span class='ocrx_word' id='word_1_313' title='bbox 209 4245 264 4283; x_wconf 90' lang='lat' dir='ltr'>non</span> <span class='ocrx_word' id='word_1_314' title='bbox 282 4224 474 4282; x_wconf 84' lang='lat' dir='ltr'>necessarium.</span> <span class='ocrx_word' id='word_1_315' title='bbox 506 4221 703 4279; x_wconf 84' lang='lat' dir='ltr'>demonstravit</span> <span class='ocrx_word' id='word_1_316' title='bbox 722 4221 794 4276; x_wconf 89' lang='lat' dir='ltr'>enim</span> <span class='ocrx_word' id='word_1_317' title='bbox 812 4221 948 4276; x_wconf 86' lang='lat' dir='ltr'>Diolesius</span> <span class='ocrx_word' id='word_1_318' title='bbox 965 4219 1138 4277; x_wconf 88' lang='lat' dir='ltr'>Heraclidem</span> <span class='ocrx_word' id='word_1_319' title='bbox 1150 4223 1281 4278; x_wconf 89' lang='lat' dir='ltr'>Lembum</span> <span class='ocrx_word' id='word_1_320' title='bbox 1299 4230 1429 4294; x_wconf 82' lang='lat' dir='ltr'>excerpta</span> 
     </span>
     <span class='ocr_line' id='line_1_36' title="bbox 210 4310 1427 4386; baseline -0.005 -12"><span class='ocrx_word' id='word_1_321' title='bbox 210 4335 226 4374; x_wconf 89' lang='grc' dir='ltr'><strong><em>ο</em></strong></span> <span class='ocrx_word' id='word_1_322' title='bbox 246 4318 344 4386; x_wconf 83' lang='lat' dir='ltr'>Satyro</span> <span class='ocrx_word' id='word_1_323' title='bbox 363 4331 424 4370; x_wconf 87' lang='lat' dir='ltr'>cnm</span> <span class='ocrx_word' id='word_1_324' title='bbox 444 4313 564 4370; x_wconf 86' lang='lat' dir='ltr'>Sotionis</span> <span class='ocrx_word' id='word_1_325' title='bbox 583 4311 721 4382; x_wconf 84' lang='lat' dir='ltr'>excerptis</span> <span class='ocrx_word' id='word_1_326' title='bbox 738 4310 944 4382; x_wconf 82' lang='lat' dir='ltr'>permiscuisse3</span> <span class='ocrx_word' id='word_1_327' title='bbox 967 4326 1056 4382; x_wconf 87' lang='lat' dir='ltr'>neque</span> <span class='ocrx_word' id='word_1_328' title='bbox 1077 4311 1145 4366; x_wconf 92' lang='lat' dir='ltr'>nihil</span> <span class='ocrx_word' id='word_1_329' title='bbox 1170 4311 1203 4367; x_wconf 87' lang='lat' dir='ltr'>de</span> <span class='ocrx_word' id='word_1_330' title='bbox 1223 4326 1272 4367; x_wconf 91' lang='lat' dir='ltr'>suo</span> <span class='ocrx_word' id='word_1_331' title='bbox 1290 4311 1427 4369; x_wconf 87' lang='lat' dir='ltr'>addidisse</span> 
     </span>
     <span class='ocr_line' id='line_1_37' title="bbox 209 4399 877 4474; baseline -0.015 -10"><span class='ocrx_word' id='word_1_332' title='bbox 209 4406 362 4464; x_wconf 87' lang='lat' dir='ltr'>censendus</span> <span class='ocrx_word' id='word_1_333' title='bbox 380 4409 422 4460; x_wconf 86' lang='lat' dir='ltr'>est</span> <span class='ocrx_word' id='word_1_334' title='bbox 440 4404 560 4474; x_wconf 88' lang='lat' dir='ltr'>scriptor</span> <span class='ocrx_word' id='word_1_335' title='bbox 578 4401 680 4459; x_wconf 86' lang='lat' dir='ltr'>saeculi</span> <span class='ocrx_word' id='word_1_336' title='bbox 697 4399 877 4458; x_wconf 80' lang='lat' dir='ltr'>Aristarchei.</span> 
     </span>
    </p>
   </div>
   <div class='ocr_carea' id='block_1_5' title="bbox 0 0 1758 5272">
    <p class='ocr_par' dir='ltr' id='par_1_5' title="bbox 0 0 1758 5272">
     <span class='ocr_line' id='line_1_38' title="bbox 0 0 1758 5272; baseline 0 0"><span class='ocrx_word' id='word_1_337' title='bbox 0 0 1758 5272; x_wconf 95' lang='lat' dir='ltr'> </span> 
     </span>
    </p>
   </div>
   <div class='ocr_carea' id='block_1_6' title="bbox 1751 0 1754 1087">
    <p class='ocr_par' dir='ltr' id='par_1_6' title="bbox 1751 0 1754 1087">
     <span class='ocr_line' id='line_1_39' title="bbox 1751 0 1754 1087; baseline 0 0"><span class='ocrx_word' id='word_1_338' title='bbox 1751 0 1754 1087; x_wconf 95' lang='lat' dir='ltr'> </span> 
     </span>
    </p>
   </div>
  </div>
 </body>
</html>
