3506 5272
1379 467 1439 531 151

219 622 304 690 male
327 620 457 688 sedrdus
481 618 731 699 contaminator,
760 617 911 684 Favorini
934 620 1128 686 sententiam
1144 621 1177 687 in
1200 622 1270 690 loco
1294 625 1362 692 veri
1386 644 1442 692 no-

219 729 325 810 miniS,
350 727 436 811 quod
457 725 637 809 Hesychius
661 725 810 807 servavit,
836 725 1022 793 conlocavit.

311 833 572 901 Consummatum
600 837 659 898 est
695 850 759 898 non
787 831 1014 900 videturesse
1043 833 1132 902 locus
1161 836 1247 918 apud
1274 836 1375 902 ullum
1403 857 1443 904 ex

222 943 269 1008 eis
300 939 527 1024 scriptoribus,
557 957 637 1022 quos
660 939 814 1022 Diogenis
845 940 989 1007 adseclas
1024 945 1060 1006 tu
1095 959 1166 1008 esse
1202 943 1441 1027 demonstrasti,

221 1048 276 1131 qui
312 1051 401 1114 certa
434 1046 561 1112 ratione
596 1047 637 1112 ad
664 1045 857 1114 Favorinum
889 1046 1063 1115 referetur:
1093 1049 1193 1114 ullum
1222 1068 1292 1116 esse
1321 1052 1443 1133 quiex

220 1153 398 1236 Omnigena
420 1153 556 1219 historia
579 1153 750 1235 proveniat
772 1153 954 1238 praefracte
973 1173 1066 1237 nego.
1107 1160 1220 1222 contra
1242 1157 1275 1221 in
1297 1157 1443 1238 Diogene

218 1279 282 1326 non
299 1278 432 1326 acumen
448 1259 575 1343 quidem
591 1264 648 1326 aut
670 1259 822 1327 iudicium
846 1261 903 1326 sed
919 1260 1059 1344 aliquam
1083 1261 1199 1327 saltem
1216 1268 1249 1328 et
1271 1263 1442 1330 lectionem

220 1370 254 1432 et
282 1366 487 1433 sedulitatem
514 1367 708 1448 invenimus,
737 1385 840 1450 neque
872 1367 973 1433 ullum
1007 1374 1064 1434 aut
1093 1368 1357 1436 dissimulationis
1386 1376 1442 1436 aut

217 1471 375 1539 mendacii
401 1471 581 1553 vestigium.

307 1579 422 1646 Actum
446 1583 504 1660 est,
529 1597 569 1644 ex
590 1597 662 1645 mea
685 1578 814 1662 quidem
838 1579 1008 1661 sententia,
1033 1579 1073 1645 de
1093 1580 1252 1648 Fauorino
1276 1587 1342 1648 tuo.
1382 1602 1441 1650 nec

217 1691 326 1752 tamen
349 1686 484 1751 multum
507 1685 558 1752 uel
581 1685 641 1751 tibi
656 1686 829 1768 lugendum
846 1691 904 1752 est.
944 1705 1059 1752 nomen
1076 1688 1219 1769 euanuit3
1244 1707 1352 1754 rerum
1373 1696 1441 1756 ate

218 1794 251 1859 in
275 1794 411 1860 clariore
433 1793 504 1858 luce
521 1792 758 1859 conlocatarum
773 1793 916 1875 gravitas
935 1795 1065 1860 minime
1081 1793 1277 1876 infringitur.
1317 1797 1441 1862 numid

219 1906 311 1966 extra
334 1898 568 1966 dubitationem
592 1903 650 1980 est,
675 1898 774 1964 fuisse
797 1900 882 1966 uitus
904 1899 1084 1984 Platonis²)
1112 1901 1299 1967 Aristotelis
1321 1902 1441 1986 Pytha-

218 2026 325 2090 gorae,
351 2025 368 2072 e
392 2006 507 2090 quibus
529 2006 594 2073 iam
610 2005 744 2072 alterius
768 2006 888 2072 saeculi
911 2008 1074 2089 vergentis
1090 2008 1265 2090 scriptores
1289 2027 1347 2075 sua
1362 2007 1441 2075 hau-

216 2114 320 2180 rirent
341 2119 468 2180 tanturn
491 2132 555 2179 non
568 2112 695 2194 omnia,
722 2113 770 2178 ita
793 2118 830 2179 ut
852 2112 944 2179 nobis
968 2114 1002 2179 in
1025 2113 1235 2182 instauranda
1258 2115 1440 2182 litterarum

217 2221 354 2288 historia
383 2222 522 2303 primum
551 2219 726 2286 communis
756 2219 812 2285 ille
841 2225 953 2287 auctor
982 2238 1108 2304 semper
1139 2221 1183 2288 sit
1212 2222 1438 2290 restituendus

217 2328 361 2393 codicum
377 2326 588 2394 multifariam
611 2331 646 2392 et
661 2330 885 2408 corruptorum
905 2331 939 2392 et
961 2327 1230 2411 interpolatorum
1247 2328 1440 2413 archetypus

217 2435 377 2500 indicatus
412 2439 471 2500 est.
511 2435 639 2500 videtur
672 2439 782 2501 autem
804 2452 844 2498 ex
865 2433 1026 2517 Hesychio
1061 2436 1134 2518 plus
1164 2435 1264 2518 sequi.
1312 2436 1440 2519 decepti

215 2541 294 2608 mihi
321 2541 473 2609 videmini
502 2545 535 2606 et
557 2540 768 2606 Nietzscheus
797 2546 830 2606 et
859 2545 896 2605 tu
922 2540 956 2605 in
984 2541 1125 2623 nomine,
1155 2560 1260 2624 neque
1283 2541 1317 2607 id
1340 2542 1436 2608 laudo

216 2649 302 2732 quod
316 2648 470 2730 Diogenis
493 2647 594 2730 ipsius
618 2665 749 2729 operam
771 2664 875 2728 paene
898 2645 990 2710 nihili
1013 2646 1130 2714 facitis.
1169 2651 1277 2714 tamen
1301 2648 1438 2714 conlatis

216 2756 302 2820 inter
325 2773 359 2820 se
382 2753 542 2836 Hesychio
572 2758 605 2818 et
627 2753 771 2834 Diogene
801 2753 835 2817 id
857 2752 910 2818 vix
931 2757 1040 2835 potest
1066 2753 1193 2836 negari,
1217 2754 1439 2836 Hesychianas

215 2861 300 2926 uitas
323 2865 449 2926 tantum
476 2879 541 2926 non
570 2859 715 2941 integrus
743 2858 822 2943 (alia
844 2875 897 2924 res
920 2859 952 2924 in
979 2860 1133 2926 hhrorum
1156 2861 1338 2946 indicibus),
1362 2862 1438 2928 Dio·

217 2968 308 3050 genis
331 2986 395 3033 non
417 2968 562 3049 integras
578 2966 707 3049 quidem
730 2965 787 3032 sed
803 2984 959 3032 summam
979 2972 1089 3034 tamen
1106 2984 1215 3031 earum
1231 2966 1273 3031 ad
1288 2985 1438 3050 magnum

215 3076 354 3142 vitarum
383 3092 498 3157 corpus
529 3073 650 3154 redire,
680 3071 779 3138 fuisse
807 3091 884 3156 ergo
912 3074 1052 3157 aliquem
1074 3073 1229 3155 Diogenis
1262 3078 1436 3156 auctorem,

216 3182 344 3266 qualem
377 3201 434 3249 vos
469 3181 575 3248 animo
598 3178 838 3247 informeristis.
886 3180 963 3263 quid
992 3180 1117 3262 quode
1141 3179 1286 3262 quamuis
1311 3181 1436 3247 conciso

215 3291 375 3374 Hesychio
399 3289 571 3356 nonnrdlae
594 3289 681 3356 vitae
705 3287 780 3352 addi
803 3293 938 3370 possunt
967 3287 1104 3355 omissae
1128 3305 1147 3352 a
1170 3287 1325 3370 Diogene,
1349 3288 1438 3354 uelut

215 3398 369 3464 Prodicus
397 3397 564 3463 Anniceris
584 3395 753 3477 Philippus
776 3393 935 3477 Opuntius
958 3395 1090 3462 Philisci
1114 3394 1221 3479 altera
1240 3395 1317 3477 uita,
1342 3396 1437 3461 credo

215 3506 314 3571 etiam
336 3504 521 3572 Aristotelis
551 3503 700 3587 discipuli
727 3501 938 3568 Nicomachus
961 3502 1102 3568 Phanias
1124 3502 1342 3568 Dicaearchus
1365 3503 1437 3568 Ari-

286 3771 309 3841 2)
329 3769 359 3826 Si
377 3769 471 3825 eadem
485 3781 580 3822 norma
597 3781 703 3836 semper
721 3780 786 3821 usus
800 3779 882 3836 esses,
900 3766 973 3822 inter
991 3765 1181 3836 compilatores
1193 3765 1324 3822 Favorini
1342 3780 1435 3822 neees-

215 3860 288 3916 sario
307 3859 448 3914 retulisses
467 3855 549 3912 etiam
566 3854 717 3910 Aristidem
735 3854 769 3910 de
787 3853 911 3910 Platonis
929 3853 1082 3910 itineribus.
1113 3869 1175 3909 nam
1193 3854 1366 3910 manifestum
1384 3861 1435 3925 est,

215 3949 323 4018 quode
342 3947 502 4002 Steinharto
525 3943 639 4014 apponis
661 3959 688 4012 p.
708 3943 751 4012 63,
774 3940 925 3998 Aristidem
943 3957 1021 3997 usum
1045 3957 1104 3998 esse
1126 3943 1220 3998 eedem
1236 3942 1360 3998 Platonis
1379 3944 1437 4000 vita

215 4052 285 4106 quae
311 4035 384 4106 apud
401 4034 552 4104 Diogenem
575 4029 721 4100 compilata
744 4034 799 4102 est,
826 4029 933 4086 scilieet
956 4030 1040 4086 citam
1063 4031 1186 4086 Platonis
1209 4032 1332 4101 exemplo
1356 4048 1435 4101 prae-

215 4125 323 4180 missam
334 4125 448 4193 legerat
478 4122 552 4178 idem
564 4119 685 4176 arbitror
702 4119 800 4175 fecisse
812 4118 992 4175 Plutarchum
1009 4120 1038 4174 in
1050 4119 1148 4189 Dione,
1167 4120 1216 4189 qui
1235 4126 1263 4175 et
1281 4121 1354 4176 ritae
1372 4122 1434 4176 Plu·

214 4213 287 4269 tonis
306 4217 334 4268 et
352 4211 436 4282 (quod
455 4226 554 4281 negare
573 4225 702 4266 vesanum
721 4216 775 4282 est)
797 4208 922 4279 epistulis
936 4207 1086 4265 Platonicis
1104 4208 1171 4278 ipsis
1189 4209 1326 4278 permulta
1344 4208 1433 4266 debet.

215 4333 249 4343 -
268 4306 390 4356 ceterum
408 4299 530 4355 eiusdem
547 4298 656 4370 generis
674 4303 756 4368 atque
774 4297 805 4353 hi
824 4313 917 4354 omnes
932 4297 1121 4368 compendium
1139 4297 1222 4354 etism
1235 4298 1366 4355 Tutianus
1383 4299 1433 4354 ha·

213 4389 274 4448 huit
292 4395 361 4448 orat
378 4389 414 4446 ad
431 4388 523 4460 gentil.
544 4391 561 4444 2
578 4404 637 4458 sqq.
