3516 5272
1371 435 1413 500 47

287 630 314 676 e.
342 611 517 676 ‘Dicendi
541 611 821 693 scribendique
845 611 924 676 arti
947 611 1070 677 studuit
1093 611 1232 676 indicum
1255 613 1413 694 scriptor'.

197 719 302 784 Aliter
329 718 413 784 enim
444 719 596 800 explicari
623 720 748 802 nequit,
784 719 869 800 quod
897 718 1056 783 Theodori
1084 717 1245 784 Gadareni
1275 719 1415 786 rhetoris

196 831 268 913 περὶ
297 832 362 891 τῶν
396 822 432 892 όν
466 833 592 911 φωναῖς
626 824 825 911 ζητουμένων
854 826 900 890 sic
928 825 1131 891 conlaudavit
1159 825 1278 891 11103
1309 820 1345 893 οὗ
1374 825 1413 891 τό

197 929 403 1019 φωνασκικὸν
437 935 568 1014 φέρεται
605 931 730 1015 βιβλίον
763 930 947 1014 παγκαλόν,
984 933 1068 1015 quod
1096 936 1263 1018 χαρίεντας
1292 933 1334 1017 [V
1357 933 1414 1017 35]

196 1038 380 1104 Aristotelis
405 1038 543 1103 oratoris
567 1039 730 1105 cuiusdam
753 1039 952 1120 praedicavit
975 1037 1088 1118 λόγους
1111 1038 1306 1121 δικανικούς,
1330 1041 1415 1123 quod

195 1147 280 1212 Zeno
303 1146 445 1211 medicus
467 1145 682 1228 Herophileus
706 1147 736 1211 ei
759 1146 850 1210 audit
872 1152 988 1231 νοῆσαι
1007 1149 1066 1230 μὲν
1089 1143 1208 1228 ἳκανός,
1231 1144 1362 1234 γράψαι
1386 1147 1416 1212 δ’

195 1253 315 1327 ἄτονος
337 1252 410 1336 [VII
426 1252 492 1336 35]‚
522 1253 605 1318 alter
628 1253 757 1335 quidam
781 1251 852 1336 [ib]
875 1253 990 1337 νοῆσαι
1013 1257 1066 1315 καὶ
1089 1249 1277 1338 ἑρμηνεῦσαι
1300 1251 1414 1340 σαφής,

195 1359 378 1424 Demetrius
412 1359 585 1442 Byzantius
619 1360 850 1441 peripateticus
883 1358 925 1442 [V
954 1358 1009 1443 83]
1049 1357 1155 1444 σαφὴς
1188 1358 1414 1445 διηγήσασθαι,

196 1465 311 1532 Thales
335 1464 472 1548 denique
494 1465 605 1531 rhetor
629 1464 826 1531 Callatianus
850 1465 880 1549 [Ι
902 1465 959 1550 38]
982 1464 1161 1550 κακόζηλος.

282 1571 302 1636 i.
330 1572 469 1638 ‘Studuit
486 1573 583 1638 etiam
606 1578 808 1653 poetarum
830 1573 959 1655 ingenio
981 1573 1172 1640 iudicando'.
1211 1574 1414 1640 Democritus

194 1678 253 1762 [IX
269 1678 325 1763 49]
350 1684 383 1745 et
398 1679 587 1745 Heraclides
604 1679 647 1763 [V
664 1679 719 1764 93]
737 1680 1011 1762 epigrammatarii
1026 1680 1177 1745 videntur
1193 1681 1222 1745 ei
1238 1679 1292 1745 ille
1309 1680 1415 1768 σαφὴς

194 1790 248 1849 καὶ
270 1781 430 1871 ἀνθηρός,
458 1786 509 1851 hie
532 1784 670 1869 λιγυρός.
716 1787 765 1850 Ex
794 1787 944 1870 elegiacis
968 1786 1148 1853 Carneades
1172 1787 1230 1872 [lV
1254 1789 1309 1873 66]
1332 1789 1415 1855 vitu·

194 1897 326 1972 peretur
348 1890 486 1978 ψυχρός,
516 1892 555 1957 ob
584 1893 705 1973 ingenii
727 1891 949 1961 infelicitatem
972 1895 1169 1960 Xenocrates
1192 1895 1321 1978 quidam
1345 1893 1415 1979 [οὐκ

193 1996 345 2083 ἐπιτυχής
356 2000 401 2065 IV
413 1999 476 2083 15].
497 1998 765 2080 Iambographum
773 2001 971 2066 Demetrium
982 2001 1086 2085 [V85]
1097 1998 1222 2087 πικρόν,
1235 2002 1415 2067 Heraclidis

195 2106 332 2188 denique
348 2106 488 2172 Leschas
504 2125 568 2171 non
584 2107 653 2170 sine
668 2107 749 2172 recti
765 2126 860 2172 sensu
885 2107 1066 2193 ιφλοαρλας’
1092 2124 1150 2189 per
1164 2108 1300 2174 ironiam
1323 2109 1412 2175 dixit.

283 2232 312 2295 g.
338 2212 478 2278 ‘Studuit
499 2231 596 2295 porro
616 2212 831 2279 historicis’
855 2216 883 2280 si
904 2216 1033 2298 quidem
1048 2214 1294 2298 Xenophontem
1316 2235 1415 2299 quen·

193 2319 267 2384 dam
291 2319 331 2384 ob
354 2318 534 2385 fabularum
557 2320 839 2402 prodigiorumque
855 2323 1070 2404 captationem
1092 2326 1129 2388 ut
1153 2320 1299 2407 ίμοθιόόη
1322 2344 1414 2410 τερα·
1511 2397 1513 2400 ,

192 2425 337 2491 τεκόντα
360 2445 449 2492 more
472 2426 648 2509 Polybiano
671 2429 869 2509 perstrinxit.

281 2532 312 2598 h.
338 2532 398 2597 ‘Ad
431 2533 629 2599 reconditam
667 2535 827 2616 quandam
864 2534 1145 2619 polymathiam
1182 2535 1413 2618 quammaxime

192 2639 376 2706 mehnavit’.
409 2639 491 2705 Nam
507 2659 578 2706 eum
592 2641 793 2707 Demetrium
806 2642 970 2724 Scepsium
986 2641 1028 2725 [V
1045 2641 1100 2725 84]
1116 2642 1221 2728 ἄκρως
1236 2639 1414 2726 φιλόλογον

193 2746 434 2813 conlaudaverit
455 2746 542 2812 haud
564 2747 612 2813 ita
635 2748 793 2814 celebrem
817 2749 968 2831 antiquis,
994 2749 1193 2814 demonstrat
1216 2767 1249 2814 se
1269 2745 1414 2835 Τρωικόν

192 2849 378 2936 διάκοσμον,
402 2854 452 2920 cui
476 2854 537 2920 soli
558 2853 676 2920 lamam
692 2855 840 2938 Scepsius
857 2855 1004 2936 debebat,
1028 2874 1092 2922 non
1108 2856 1211 2921 solum
1227 2856 1413 2938 cognovisse
1503 2857 1504 2860 ’

192 2978 302 3026 verum
317 2959 522 3026 vehementer
538 2961 743 3042 adprobasse.
776 2962 820 3027 Et
835 2961 895 3028 hoe
909 2963 1038 3045 quidem
1054 2962 1094 3028 de
1105 2962 1269 3028 Demetrio
1283 2962 1412 3043 Scepsio

193 3065 344 3132 iudicium
359 3067 474 3132 summi
489 3072 540 3134 est
554 3069 720 3134 momentil
760 3069 889 3134 Etenim
906 3075 977 3135 erat
993 3069 1141 3153 Scepsius
1156 3088 1264 3135 rerum
1287 3068 1412 3134 abstru-

192 3173 391 3240 sissimarum
414 3175 548 3240 scientia
570 3174 662 3240 unice
685 3176 851 3257 praeditus
873 3195 948 3243 vere
971 3197 1065 3259 quem
1087 3181 1202 3244 vocant
1224 3176 1411 3259 polyhistor.

281 3281 302 3346 i.
328 3281 427 3346 ‘Vixit
442 3281 528 3347 intra
544 3299 644 3347 annos
661 3300 686 3348 c.
703 3283 744 3348 60
757 3287 817 3348 etc.
834 3285 897 3349 160
909 3302 939 3364 p.
954 3282 1027 3349 Chr.
1045 3284 1086 3350 n.’
1120 3283 1286 3350 Seleucum
1295 3281 1413 3349 Home·

193 3386 294 3452 rieum
317 3392 351 3452 et
374 3388 576 3454 Theodorum
598 3388 756 3454 medicum
779 3389 864 3471 quod
887 3394 1069 3455 antestatur
1091 3395 1165 3472 post
1188 3409 1305 3456 annum
1326 3409 1351 3458 c.
1370 3391 1412 3457 50

193 3494 383 3575 remittitur;
398 3513 437 3560 ex
447 3495 628 3561 novissimis
641 3495 674 3560 in
686 3495 761 3561 vitis
773 3496 955 3563 Laertianis
968 3501 1098 3579 praeter
1110 3497 1273 3580 Scepticos
1285 3498 1411 3563 invenio

192 3600 400 3667 Plutarchum
417 3601 628 3684 Phlegontem
644 3601 796 3668 Sabinum
811 3603 994 3686 Epictetum
1009 3605 1146 3687 denique
1160 3602 1410 3691 Favorinum⁴⁵).

192 3707 273 3772 Rem
289 3707 417 3775 conficit
432 3709 548 3792 Apulei
571 3709 611 3793 [c.
632 3708 708 3793 170]
733 3716 901 3776 accuratus
917 3712 956 3776 de
971 3711 1116 3777 Platonis
1138 3711 1205 3776 vita
1229 3730 1410 3778 consensus

281 3813 370 3880 Hace
392 3834 506 3882 novem
530 3835 569 3882 ex
591 3817 670 3900 ipsis
695 3817 849 3900 catalogis
872 3823 986 3900 patent
1007 3819 1076 3885 veri
1103 3819 1306 3884 documenta:
1330 3837 1413 3886 nova

193 3921 391 3990 extrinsecus
415 3924 607 3990 accersenda
630 3930 713 3992 sunt.

265 4097 303 4170 ⁴⁵)
320 4099 413 4155 Etiam
430 4098 580 4156 Numenius
599 4101 639 4156 IX
658 4105 692 4158 68
717 4101 758 4172 [in
782 4101 931 4172 Pyrrhonis
950 4101 1019 4171 vita]
1045 4101 1158 4157 citatur:
1177 4099 1261 4174 μόνος
1280 4103 1309 4156 δὲ
1329 4110 1412 4156 Νον-

193 4187 309 4260 μὴνιος
333 4193 380 4244 καὶ
403 4192 566 4265 δογματίσαι
590 4195 671 4264 φησὶν
694 4192 788 4260 αὐτόν,
816 4197 845 4248 at
871 4208 926 4247 non
947 4191 1160 4260 Neoplatonicus
1188 4192 1236 4247 sed
1262 4191 1412 4261 Pyrrhonis

193 4278 297 4338 assecla
316 4278 418 4350 [Zeller
435 4279 488 4337 1V2
507 4280 577 4352 4411.
593 4312 627 4321 -
640 4281 817 4338 Plutarchum
835 4298 889 4337 non
907 4281 965 4351 ipse
983 4281 1050 4350 legit
1064 4280 1192 4337 Laertius
1211 4279 1257 4351 [el.
1270 4281 1331 4338 adn.
1346 4284 1410 4353 141]

193 4382 282 4436 neque
303 4366 433 4424 Sabinum
454 4369 500 4440 [el.
518 4387 546 4441 p.
564 4371 619 4440 74].
