3506 5272
325 498 388 567 138

324 676 444 760 Gryph.
477 678 561 744 1869
598 673 651 764 [cl.
680 677 842 757 deerum
876 675 988 757 philol.
1016 675 1165 758 anzeiger
1199 676 1231 742 H
1257 697 1288 759 p.
1314 679 1356 743 24
1384 675 1414 742 ff.
1446 677 1541 744 Gom·

321 785 464 868 perzium
484 783 554 850 Jen.
579 783 663 849 liter.
688 783 817 866 zeitung
842 783 926 848 1875
950 803 981 865 p.
1001 785 1064 849 603
1087 782 1124 868 fl]
1147 783 1200 852 hic
1223 803 1243 850 a
1266 784 1483 868 Comparettio
1507 787 1541 852 in

322 893 436 958 rivista
459 892 492 958 di
514 889 656 974 filologia
681 891 773 956 1875
789 911 821 974 p.
845 893 909 957 449
934 911 1002 974 sqq.
1049 891 1087 957 In
1109 891 1371 959 Academicorum
1395 893 1540 978 catalogo

323 999 504 1082 fragmenta
531 999 666 1065 metrica
695 1017 733 1064 er
755 998 945 1080 Apollodori
974 981 1132 1066 chronicis
1161 1002 1331 1085 desumpta
1357 1000 1542 1070 felicissime

325 1109 411 1175 eruit
433 1108 589 1190 deerus
613 1107 702 1174 velut
725 1107 783 1174 col.
800 1107 1084 1190 XXVII—XXXI,
1110 1127 1191 1192 quae
1214 1114 1321 1176 tamen
1344 1111 1541 1178 solummodo

323 1216 364 1282 ad
396 1215 614 1281 successiones
644 1215 818 1297 pertinent.
865 1216 953 1294 Quae
983 1216 1022 1281 de
1051 1234 1270 1284 successorum
1292 1219 1359 1285 vita
1382 1218 1541 1302 rebusque

323 1327 515 1390 enarrantur
546 1323 683 1388 alterum
710 1323 858 1390 redolent
885 1322 1007 1390 fontem
1036 1325 1133 1390 etiam
1161 1326 1201 1392 de
1223 1327 1342 1409 deeri
1370 1327 1539 1394 sententia.

322 1431 397 1497 Fuit
427 1449 497 1496 cum
521 1429 731 1495 Nietzscheus
759 1434 893 1512 propter
921 1429 1045 1496 Laertii
1074 1433 1314 1502 similitudinem
1342 1435 1541 1501 Demetrium

322 1539 506 1620 Magnetem
528 1536 707 1603 Philodami
735 1543 899 1604 auctorem
923 1539 1049 1622 statuit,
1073 1546 1108 1608 at
1131 1541 1200 1609 sine
1224 1561 1328 1611 causa.
1375 1542 1451 1610 Mox
1472 1561 1541 1610 rem

322 1645 439 1712 iterum
462 1663 653 1727 perpensam
676 1645 830 1712 indubio
854 1645 996 1729 reliquit.

412 1788 610 1872 comparabo
633 1790 787 1856 nonnulla
810 1789 850 1856 de
872 1789 1057 1857 Polemone:

470 1931 527 1987 Col.
545 1930 613 1987 XIII
631 1931 758 1988 3-XIV.
931 1933 934 2014 λ
1126 1934 1254 1990 Laertius
1272 1934 1312 1991 IV
1333 1937 1373 1990 17.

322 2054 437 2131 φυγεῖν
459 2041 498 2108 δὲ
522 2041 612 2128 δίκην
636 2040 773 2128 αἰσχράν
800 2043 907 2106 κακιό-

322 2171 400 2228 σεως
413 2149 477 2218 ὑπὸ
494 2157 548 2238 τῆς
562 2149 725 2232 γυναικός·
742 2153 827 2218 εῖναι
843 2147 906 2238 γάρ
1241 2235 1243 2239 ⁴
1416 2221 1418 2228 ¹

324 2257 510 2347 φιλόπαιδα
533 2265 586 2323 καὶ
601 2256 827 2345 παντοδαπόν,
851 2264 907 2323 ἳνα
961 2259 1184 2342 Antigonus
1208 2257 1258 2343 [έν
1280 2258 1384 2344 βίοις]

323 2369 365 2457 τῷ
395 2363 629 2454 συναντήσαντι
656 2367 801 2453 χρῆσθαι
830 2388 904 2452 προ

320 2478 429 2561 χείρους
452 2473 521 2561 ἔχχ·
553 2477 714 2560 θηραθεὶς
727 2470 790 2538 ὑπὸ
806 2472 906 2541 Ξενο-

321 2578 456 2668 κράτους
505 2579 560 2644 nai
613 2575 775 2662 σχολάσας
820 2575 907 2666 αὐτῷ

321 2690 453 2754 τοσοῦτο
468 2682 646 2772 μετήλλαξε
661 2685 742 2750 κατά
763 2683 818 2751 τὸν
832 2690 906 2768 βίον
958 2687 1052 2753 idem.

321 2793 401 2861 ὥστε
428 2796 588 2882 μηδέποτε
614 2792 673 2882 τὴν
700 2794 756 2861 τοῦ
778 2791 904 2882 προσιέ-

320 2925 387 2968 που
411 2903 597 2989 φαντασίαν
958 2900 1072 2974 κυνὸς
1108 2898 1180 2986 γάρ
1218 2897 1434 2975 λυττῶντος
1478 2900 1542 2964 καὶ

386 3029 387 3034 ’
957 3003 1428 3094 τὴνλγνύανδιασπάσαντος
1437 3004 1541 3092 μόνον

323 3114 459 3199 ἰγνύαν
482 3116 552 3182 λυτ
957 3113 1001 3200 μὴ
1026 3113 1210 3200 ὥχριάσθαι
1232 3114 1298 3181 κτλ.

320 3227 394 3301 τούς
413 3225 576 3300 ἐναντίους
600 3220 685 3311 ὁρῶν
707 3225 903 3312 κρατοῦντας
957 3221 1014 3286 καὶ
1041 3219 1180 3309 ταραχῆς
1207 3225 1377 3308 γενομένης
1405 3220 1459 3286 ἐπὶ
1487 3221 1542 3310 τῆς

321 3333 355 3399 ἔν
392 3356 426 3398 τε
454 3341 530 3408 ,τοῖς
567 3329 722 3418 θεάτροις
760 3331 903 3408 ἀπαθῶς
957 3329 1080 3403 πόλεως
1107 3332 1308 3412 πυθομένων
1337 3327 1373 3400 τὸ
1407 3326 1541 3411 γεγονὸς

320 3441 472 3507 θεᾶσθαι
495 3441 562 3508 τῶν
585 3441 696 3506 ἄλλων
718 3453 903 3528 συναποφε-
957 3438 1114 3525 ἄτρεπτον
1136 3442 1261 3519 μεῖναι·
1286 3434 1320 3502 έν
1342 3459 1377 3502 τε
1398 3447 1463 3512 τοῖς
1482 3440 1540 3502 θε-

320 3551 463 3637 ρομένων
485 3557 552 3625 τοῖς
574 3552 761 3637 εἰρημένοις.
958 3540 1064 3631 άτροις
1086 3538 1378 3627 ἀσυμπαθέστατος
1396 3539 1447 3628 ἦν.

320 3656 375 3720 καὶ
397 3654 594 3744 σκληρότητα
615 3666 759 3745 γραφαῖς
786 3655 902 3744 ἓμφαέ-
957 3654 1035 3738 §18
1059 3655 1113 3716 καὶ
1136 3645 1274 3738 ὅλωςῆν
1290 3651 1432 3727 τοιοῦτος
1456 3639 1542 3718 οἷόν

320 3787 485 3830 νον....
957 3775 1050 3847 φησι
1093 3757 1327 3834 Μελάνθιος
1376 3758 1417 3824 ἓν
1460 3770 1543 3836 τοῖς

958 3870 1046 3951 περὶ
1080 3864 1340 3953 ζωγραφικῆς·
1371 3864 1448 3952 φησὶ
1475 3863 1540 3954 γάρ

958 3974 1027 4040 δεῖν
1050 3969 1238 4040 αὐθάδειάν
1267 3995 1340 4038 τινα
1368 3977 1423 4037 καὶ
1452 3973 1540 4062 calq-

957 4080 1072 4171 ρόιηια
1087 4093 1152 4158 τοῖς
1167 4080 1271 4169 ἔργοις
1285 4080 1461 4167 ἐπιτρέχειν
1475 4082 1538 4149 κτλ.

408 4229 554 4296 Incertus
591 4228 716 4295 haesito
754 4229 788 4294 in
826 4233 919 4295 tanta
958 4227 1166 4295 similitudine
1203 4246 1268 4294 non
1305 4227 1410 4293 minue
1444 4245 1539 4310 quam

320 4337 527 4404 Buchelerus.
568 4337 679 4421 Neque
703 4337 787 4403 enim
810 4337 850 4404 iis
873 4342 983 4420 potest
1005 4337 1152 4420 quaestio
1176 4336 1256 4403 solvi
1280 4354 1361 4419 quae
1376 4333 1540 4418 hucusque

321 4446 564 4529 disputavimus.
591 4483 632 4494 -
656 4447 745 4513 Idem
772 4446 806 4530 in
830 4446 1009 4512 Stoicorum
1032 4445 1119 4511 cadit
1140 4444 1286 4526 indicem,
1310 4442 1366 4509 ubi
1388 4447 1422 4509 et
1443 4443 1538 4510 Her-
