3516 5272
1425 506 1465 569 19

245 684 390 749 Eundem
406 682 549 749 Dioclem
567 683 664 747 etiam
687 681 720 747 in
736 681 824 747 exitu
844 682 955 764 tetigit
978 681 1178 767 [anthologia
1199 700 1316 765 graeca
1339 683 1388 747 ed.
1413 683 1467 748 Ja-

247 792 323 857 cobs
345 790 362 854 1
384 809 415 872 p.
433 792 538 855 40·=
554 789 617 854 XII
640 790 714 870 257,
739 789 791 873 4]:

291 897 376 983 (papi
386 897 467 981 [scil.
480 891 561 981 ἢδεῆ
572 896 716 981 κορωνίς]
727 897 784 962 τὸν
793 897 828 960 ἐκ
839 894 972 962 πάντων
983 891 1203 983 ἠθροισμένον
1211 899 1257 973 είς
1268 901 1327 962 ἕνα
1335 895 1469 980 μόχθον

334 1001 524 1086 ῧμ-νοθιτᾶν
546 1002 648 1090 βίβλφ
671 1003 743 1085 τᾷδ’
770 1001 1000 1085 ἐνελιξάμενον

290 1109 451 1174 ἐκτελέσαι
473 1109 683 1194 Μελέαγρον,
708 1105 949 1192 άείμναστον
971 1110 1011 1174 δὲ
1033 1110 1195 1178 Διοκλεῖ

336 1215 452 1282 άνθεσι
476 1216 657 1301 συμπλέξαι
680 1214 888 1299 μονσάπολον
911 1220 1084 1303 στέφανον.

335 1325 429 1390 Hunc
444 1325 588 1390 Dioclem
612 1325 663 1390 cui
679 1324 843 1406 Meleager
865 1325 982 1390 librum
1006 1343 1098 1390 suum
1122 1325 1281 1392 dedicavit
1304 1343 1324 1390 a
1346 1343 1471 1390 succes·

248 1433 372 1498 sionum
406 1431 564 1513 scriptore
594 1431 768 1498 Laertiano
800 1450 865 1498 non
894 1431 1055 1497 diversum
1088 1450 1159 1498 esse
1187 1433 1281 1498 docet
1307 1432 1376 1497 vita
1403 1431 1471 1497 Mc-

249 1539 348 1620 nippi,
373 1539 489 1604 docent
504 1538 626 1603 Dioclis
643 1539 809 1604 Laertiani
824 1544 951 1621 tempus
968 1557 1066 1621 supra
1081 1537 1248 1604 definitum
1265 1544 1298 1604 et
1314 1538 1471 1619 Meleagri

248 1664 319 1710 cum
335 1644 532 1727 proeemium
548 1646 773 1728 epilogumque
796 1646 954 1712 scriberet
977 1650 1125 1711 senectus
1135 1643 1184 1731 ¹⁴).
1225 1646 1300 1712 Sine
1324 1646 1391 1711 ulla
1414 1646 1471 1711 du·

247 1751 405 1818 bitatione
433 1752 562 1818 Diocles
586 1771 611 1816 c.
632 1754 695 1817 100
710 1788 755 1798 -
772 1771 798 1817 ο.
823 1754 866 1817 40
890 1770 918 1817 a.
944 1751 1019 1819 Ohr.
1042 1771 1073 1818 n.
1105 1753 1201 1833 vixit,
1226 1772 1297 1819 cum
1321 1753 1471 1834 ‘philoso-

248 1857 385 1939 phorum
401 1858 650 1940 percursionem’
662 1855 703 1944 Ν)
727 1858 847 1939 ederet,
872 1864 981 1925 aetate
994 1861 1186 1942 provectior,
1208 1861 1365 1946 siquidem
1381 1861 1471 1926 Posi·

250 1965 337 2030 donii
360 1965 482 2047 scripta
504 1965 595 2031 novit
617 1965 796 2031 dialectica.

338 2073 494 2151 Quoniam
518 2072 619 2138 amori
641 2091 815 2154 puerorum
837 2072 1001 2154 Meleager
1025 2077 1096 2138 erat
1118 2072 1261 2152 deditus,
1286 2071 1431 2138 Dioclem
1454 2091 1472 2138 e

248 2179 358 2261 pueris
373 2179 425 2244 vix
442 2197 614 2261 egressum,
640 2178 758 2261 quippe
774 2179 825 2243 cui
842 2178 959 2243 librum
982 2179 1139 2243 παιδικὸν
1156 2177 1260 2264 ἔρωτα
1280 2197 1473 2261 unaquaque

249 2286 378 2368 pagella
394 2286 569 2368 spirantem
586 2304 712 2351 sacrum
727 2285 825 2351 vellet
840 2303 922 2368 esse,
941 2286 971 2350 ei
985 2286 1019 2350 in
1036 2286 1159 2351 deliciis
1174 2285 1274 2352 fuisse
1287 2291 1402 2368 sponte
1416 2303 1474 2351 na-

250 2392 350 2458 scitur
365 2393 513 2474 suspicio.
551 2392 749 2474 Quamquam
760 2392 862 2473 probo
875 2393 960 2474 quod
972 2397 1207 2475 perspexerunt
1222 2392 1278 2458 alii
1290 2411 1361 2457 cum
1372 2411 1473 2474 puero

250 2498 361 2564 Diocle
384 2498 529 2565 Dioclem
553 2498 776 2580 Megarensem
804 2498 907 2565 amori
935 2516 1107 2579 puerorum
1133 2499 1316 2580 praesidem
1343 2499 1474 2582 egregio

251 2605 379 2673 artificii
399 2607 472 2672 lusu
493 2604 651 2673 conlundi.
694 2606 799 2683 Quid?
822 2605 908 2687 quod
926 2605 1013 2670 inter
1036 2605 1182 2670 initiatos
1205 2606 1362 2672 amasium
1382 2624 1475 2672 suum

250 2720 398 2780 numerat
417 2713 589 2795 Meleager,
614 2716 651 2777 ut
673 2731 733 2795 par
756 2716 816 2793 est,
840 2713 874 2777 in
896 2713 1053 2795 prooemii
1077 2713 1119 2778 ad
1142 2731 1214 2778 eum
1238 2713 1350 2794 scripti
1373 2711 1451 2778 fine:

362 2816 463 2884 ‘allo
488 2818 594 2905 φίλοις
616 2822 676 2904 μὲν
698 2822 822 2902 ἐμοῖσιν
845 2823 931 2905 φέρω
954 2817 1059 2907 χάριν,
1084 2819 1151 2884 ἐστὶ
1174 2819 1210 2883 δὲ
1231 2817 1365 2901 μύσταις

406 2923 510 3001 κοινάς
533 2921 552 2991 ὅ
574 2925 639 2991 τῶν
661 2926 788 3010 μουσῶν
810 2923 948 3011 ἡδυεπὴς
971 2924 1155 3010 στέφανος’.

339 3034 382 3098 Et
404 3033 561 3116 Meleagri
585 3033 781 3098 consuetudo
795 3031 940 3099 Dioclem
964 3030 1237 3098 adolescentulum
1260 3031 1292 3097 in
1310 3029 1354 3096 00
1370 3031 1476 3098 insula

249 3178 295 3188 —
323 3139 461 3208 fortasse
490 3140 669 3207 studiorum
698 3157 862 3206 eausa-
889 3142 1052 3204 versatum
1080 3156 1151 3203 esse
1180 3137 1393 3204 demonstrat:
1429 3138 1475 3205 ibi

252 3248 337 3313 enim
359 3247 523 3330 Meleager
546 3265 644 3312 senen
666 3246 845 3329 pangendis
868 3245 1014 3312 versibus
1038 3240 1277 3327 conquievit¹⁸).

326 3405 363 3476 ¹⁴)
382 3406 466 3461 Anth.
485 3421 525 3474 gr.
544 3404 558 3458 1
575 3421 603 3475 p.
620 3407 656 3462 39
670 3427 703 3450 =
716 3403 771 3460 v11
788 3405 850 3474 417,
869 3407 901 3460 4:

411 3497 549 3562 ποολαέτης
568 3496 594 3550 θ’
612 3495 727 3567 έχάραξα
743 3489 804 3548 τάδ’
823 3495 851 3548 έν
870 3494 983 3547 diluam
1001 3491 1053 3563 πρὸ
1072 3491 1175 3564 τύμβου

464 3579 552 3652 γήρως
570 3579 624 3651 γάρ
642 3585 739 3651 γείτων
756 3576 898 3649 τάγγύθεν
916 3573 1020 3632 Ἀίδεω·

412 3662 478 3718 ἄλλο’
497 3663 596 3736 μετὸν
614 3663 708 3718 λάλων
726 3662 772 3717 καί
788 3659 939 3734 πρεσβύταν
957 3660 989 3715 οὐ
1007 3662 1161 3734 προσειπών

461 3753 570 3820 χαίρειν
588 3751 625 3808 εἰς
644 3749 727 3820 μῆρας
745 3744 841 3806 καύτὸς
860 3747 929 3800 λ’κοιο
948 3744 1035 3799 λάλον.

324 3835 361 3904 ¹⁵)
380 3837 440 3904 Quo
458 3836 487 3890 in
504 3835 575 3891 libro
594 3851 657 3890 cum
675 3835 799 3904 Menippi
818 3833 917 3889 Satiris
935 3833 1069 3904 Meleagri
1094 3833 1263 3903 compararit
1280 3839 1407 3902 poemata
1425 3833 1472 3901 [ef.

253 3921 394 3976 Laertium
414 3921 432 3974 l.
452 3921 499 3990 c.],
519 3921 610 3976 nescio
628 3938 662 3975 an
681 3921 768 3991 ipsius
780 3919 915 3989 Meleagri
926 3919 1076 3988 respiciens
1088 3926 1192 3973 certum
1204 3917 1341 3988 quoddam
1359 3932 1476 3988 carmen,

253 4007 328 4064 anth.
347 4023 387 4077 gr.
406 4005 420 4058 I
437 4022 463 4074 p.
483 4007 518 4062 38
531 4030 565 4051 =
578 4005 630 4061 VII
650 4008 711 4073 419,
730 4007 759 4062 5:

411 4089 556 4160 Εὐκράτει)
575 4092 602 4144 ‹l’
622 4093 748 4160 ἔβλαστον
767 4085 781 4143 ὃ
799 4089 849 4144 οὖν
868 4087 992 4150 Μούσαις
1010 4091 1164 4160 Μελέαγρος

466 4177 559 4247 πρῶτα
577 4178 754 4234 Marmaricas
773 4171 954 4244 ονντροχάσας
969 4171 1090 4244 χάρισιν.

325 4259 361 4329 ¹⁶)
379 4257 463 4314 Anah.
482 4276 522 4329 gr.
542 4259 555 4313 1
570 4275 597 4328 p.
616 4262 651 4316 38
665 4283 698 4304 =
712 4257 765 4314 vn
783 4261 845 4327 419,
864 4260 893 4315 5:

412 4341 446 4397 ‘clv
465 4345 657 4416 [Meleagrum]
676 4343 788 4404 θεόπαις
807 4343 925 4414 ἦνάρωσε
945 4342 1032 4412 Τάρας
1051 4341 1181 4410 Γαάάρων
1200 4339 1228 4393 θ’
1248 4337 1305 4411 ἱερά
1320 4337 1408 4411 χθών,

469 4431 529 4490 Κῶς
548 4428 575 4481 δ’
594 4429 671 4498 iperi,
690 4425 826 4499 Μερόπων
844 4431 959 4498 πρέσβυν
978 4421 1150 4498 ἐγηροτρόφει

1269 4514 1302 4568 pe
