3506 5272
1384 432 1446 496 103

223 623 398 694 φραστος
422 604 755 692 Παρμενίδηνῃθγ
780 605 821 682 ὡς
844 607 883 672 δὲ
905 606 1020 693 Ζήνων
1037 605 1197 674 Ἡσίοδον.
1236 608 1325 674 Haec
1347 609 1448 690 igitur

223 714 264 779 ad
286 733 385 779 unum
407 712 577 779 referenda
600 717 675 780 sunt
697 718 870 780 auctorem.
898 751 937 760 -
961 714 1011 779 De
1026 715 1218 797 Anaxagora
1242 719 1275 780 et
1289 715 1447 790 Archelao

222 821 384 887 Dialesius
414 819 435 885 l.
461 838 487 886 c.
518 820 603 886 idem
633 820 873 886 demonstravit.
921 821 958 886 In
989 821 1061 886 aliis
1090 822 1268 888 breviorem
1297 821 1446 887 Laertius

223 927 322 992 solam
348 927 494 1008 sequitur
508 927 695 992 memoriam
712 927 1035 1010 Tbeophrasteorum
1061 947 1143 1010 quae
1167 929 1340 1012 compilare
1355 929 1444 994 nolo:

222 1034 298 1114 quin
328 1032 478 1098 breviora
507 1032 564 1097 ille
594 1031 772 1100 debeantur
799 1033 957 1102 Favorino
994 1035 1075 1101 citra
1103 1036 1337 1102 dubitationem
1367 1035 1447 1100 mihi

222 1138 350 1204 videtur
374 1156 446 1204 ease
468 1139 619 1220 positum.

517 1491 547 1557 5.
576 1491 617 1559 lle
645 1492 823 1574 reliquarum
847 1493 972 1561 vitarum
996 1496 1150 1562 memoria.

308 1672 458 1738 Laertius
486 1707 531 1718 ——
559 1669 587 1734 si
622 1671 786 1752 exceperis
819 1671 1037 1754 Scepticorum
1072 1679 1105 1741 et
1139 1676 1373 1742 successionem
1408 1681 1442 1742 et

220 1781 398 1847 doctrinam
425 1816 461 1825 -
488 1777 646 1844 Favorino
669 1778 872 1859 potissimum
887 1797 965 1846 usus
981 1787 1032 1848 est
1045 1786 1078 1847 et
1093 1782 1219 1862 Diocle3
1244 1785 1285 1849 ad
1300 1783 1445 1849 Dioclem

221 1888 342 1953 evitis
370 1886 489 1969 pusilla
523 1889 557 1950 et
587 1886 802 1952 accuratiores
830 1886 1017 1968 dogmatum
1045 1890 1248 1956 recensiones
1276 1889 1446 1956 referenda

219 2000 309 2075 sunt,
349 1995 389 2061 ad
425 1993 616 2060 Favorinum
655 1993 807 2075 dogmata
842 1996 1024 2061 summatim
1059 1997 1205 2078 exposita
1240 2001 1273 2062 et
1306 1998 1444 2064 vitarum

219 2103 359 2168 maxima
387 2119 464 2183 pars
492 2101 540 2166 ita
568 2100 714 2184 quidem,
750 2105 786 2166 ut
816 2121 899 2184 quae
928 2102 961 2167 in
992 2104 1161 2186 omnigena
1187 2103 1324 2171 historia
1352 2109 1446 2170 erant

219 2210 342 2292 scripta
370 2209 402 2274 in
433 2209 655 2290 compendium
686 2214 817 2290 cogeret
844 2210 1046 2292 interpositis
1075 2230 1114 2276 err
1145 2211 1444 2277 commentariorum

196 2405 199 2409 .
220 2317 436 2383 conlectaneis
451 2317 613 2382 nonnullis
629 2316 822 2397 historialis3
848 2316 921 2383 hinc
937 2319 1195 2386 testimoniorum
1211 2318 1346 2401 copiam,
1370 2317 1445 2384 hinc

218 2425 340 2490 indices
364 2429 397 2490 et
418 2425 575 2491 librorum
598 2428 633 2490 et
655 2424 919 2507 homonymorum
943 2426 1109 2493 derivavit.

306 2533 345 2597 In
373 2537 498 2598 ceteras
526 2532 611 2598 vitas
639 2549 719 2613 quas
753 2533 895 2598 nondum
925 2534 1064 2600 tractavi
1094 2533 1180 2599 idem
1210 2533 1317 2598 valere
1346 2551 1443 2596 unus·

217 2641 353 2723 quisque
377 2640 524 2721 dispicit,
553 2657 612 2704 nec
635 2637 743 2704 differt
766 2633 890 2720 species
914 2657 1024 2706 earum
1048 2644 1196 2719 externa,
1229 2645 1367 2722 suntque
1390 2657 1443 2704 ex·

217 2759 331 2829 pressa
369 2747 512 2812 eiusdem
551 2745 685 2828 originis
722 2746 861 2828 vestigia
899 2746 987 2813 velut
1030 2746 1216 2812 testimonia
1258 2747 1371 2812 eadem
1410 2751 1444 2811 et

217 2853 480 2935 homonymorum
515 2851 664 2933 catalogi.
710 2851 825 2917 Illius
860 2853 983 2934 igitur
1014 2853 1218 2936 biographi
1254 2852 1442 2918 Laertius

215 2959 497 3042 propemodum
521 2962 586 3024 est
609 2958 789 3040 epitome.

305 3067 396 3132 Nunc
417 3067 465 3132 rei
489 3066 529 3130 da
553 3084 617 3148 qua
639 3066 764 3147 agimus
788 3083 911 3131 summa
935 3071 985 3132 est
1009 3066 1168 3149 confecta,
1193 3083 1385 3149 quamquam
1408 3067 1441 3132 in

216 3174 355 3257 singulis
378 3175 546 3240 innumera
568 3172 713 3237 resident
736 3173 912 3238 enodanda.

192 3315 193 3318 π
305 3281 529 3348 Necessarium
567 3280 647 3345 duco
687 3284 721 3345 et
759 3279 799 3344 ad
833 3278 1002 3346 historiam
1035 3280 1218 3345 litterarum
1253 3298 1441 3362 graecarum

213 3391 344 3472 penitus
357 3395 391 3456 et
405 3394 493 3454 recte
509 3387 761 3470 pernoscendam
777 3385 1067 3453 fructuosissimum
1083 3388 1272 3470 omnigenae
1284 3387 1439 3455 historiae

215 3502 323 3563 cetera
351 3496 513 3578 conligere
540 3495 687 3576 vestigia.
736 3494 827 3573 Quod
854 3500 892 3560 ut
917 3496 1019 3576 probe
1046 3495 1251 3575 instituatur,
1283 3495 1440 3561 seriorum

214 3604 458 3686 compilatorum
497 3620 597 3684 opera
641 3603 853 3668 examinanda
891 3608 967 3668 sunt
1004 3608 1039 3668 ct
1077 3620 1148 3667 oum
1186 3601 1317 3668 Laertio
1356 3620 1440 3667 com-

194 3710 370 3794 ponenda.
425 3710 469 3775 At
502 3709 694 3793 quantillum
729 3713 793 3794 est,
829 3710 916 3792 quod
950 3709 990 3775 de
1020 3709 1082 3776 hoc
1109 3708 1291 3774 litterarum
1321 3728 1438 3791 genere

213 3820 257 3884 sit
295 3817 512 3900 exploratum!
574 3817 688 3900 Itaque
726 3816 895 3882 incohasse
933 3815 1017 3884 hanc
1055 3817 1095 3884 de
1132 3817 1283 3884 Favorini
1320 3835 1438 3899 propa-

213 3927 343 4008 gatione
385 3925 607 4008 quaestionem
650 3924 730 3990 satis
774 3924 971 3992 habebimus.
1039 3926 1086 3991 Ac
1127 3925 1266 4007 primum
1308 3924 1437 4007 quidem

284 4183 333 4254 ¹¹⁰)
351 4181 405 4238 Per
424 4197 454 4237 ae
473 4182 583 4252 quidem
603 4181 787 4252 Theophrasti
805 4180 937 4238 memoria
954 4181 1046 4236 dirimi
1070 4185 1162 4251 potest
1181 4195 1199 4234 a
1217 4180 1362 4249 Favorino,
1387 4181 1436 4236 sed

212 4287 319 4341 semper
341 4271 493 4341 biographo
519 4275 561 4326 est
584 4270 732 4327 tribuenda
749 4271 906 4328 Laertiano.
943 4271 1000 4326 Iste
1024 4270 1192 4341 biographus
1218 4269 1241 4325 si
1263 4268 1331 4324 mihi
1354 4275 1435 4325 antea

211 4361 353 4418 credidisti
371 4361 426 4417 fnit
443 4361 604 4418 Fauorinus.
