3516 5272
332 488 374 553 32

331 669 539 749 ματεομένον,
552 662 599 741 τίς
613 665 828 740 Διονύσιος
845 666 1009 752 ἱστορεῖ,
1022 669 1106 735 idem
1119 671 1185 736 soil.
1199 670 1553 738 Halicarnasensis.

332 771 442 849 Qnode
462 772 702 838 Wilamowitzio
719 773 897 839 adsentior:
923 775 1009 839 ‘Der
1023 774 1156 840 dorz'sct
1170 772 1376 841 ochrer'bende
1386 777 1555 866 &thago-

331 900 399 952 τοι,
413 879 473 943 der
483 900 548 944 uus
559 879 750 966 Dernysc'us
763 879 980 955 crtaertwird,
997 880 1087 946 τοτ’νδ
1098 883 1169 958 auf
1179 883 1251 967 περί
1267 881 1426 968 μιμήσεως
1433 884 1553 967 gelren.

329 984 373 1047 In
397 1005 534 1050 unserm
555 991 689 1071 excerpt
710 983 867 1071 [ἀρχαίων
889 991 990 1072 κρίσις
1015 991 1080 1054 ad
1105 989 1182 1069 (vol.
1209 990 1244 1054 V
1252 996 1289 1074 p.
1310 989 1375 1054 430
1398 987 1553 1072 Recita]

330 1098 436 1157 mant
448 1091 584 1179 Deonyo
598 1093 825 1178 Pythagoreer
846 1091 902 1158 δίε
923 1113 961 1158 er
982 1093 1058 1167 lobt,
1088 1115 1135 1158 ττι
1157 1095 1262 1158 δειιειι
1284 1115 1323 1160 ετ
1343 1095 1407 1158 den
1429 1093 1558 1158 deulekt

329 1197 528 1264 reportata
563 1196 651 1283 Dass
673 1219 711 1262 ετ
727 1197 782 1263 dr'e
804 1197 987 1264 ιιοίοττζετίιε
1009 1197 1243 1264 na'chtrxistena
1265 1201 1377 1264 datter
1391 1198 1554 1284 schrr'ften

328 1302 398 1368 sich
422 1325 457 1369 so
479 1324 552 1368 τοτα
575 1304 667 1368 hulst
682 1303 821 1390 schuffte
844 1303 939 1387 [καθ’
962 1303 1176 1389 όμωνομίαν],
1200 1304 1248 1372 ist
1264 1305 1342 1370 sehr
1359 1303 1553 1391 glaublc'ch’.

414 1408 434 1475 f.
459 1411 752 1475 Demetriorum
780 1410 809 1475 V
832 1411 875 1474 84
903 1409 1013 1487 ἔνατος
1039 1407 1299 1497 Ἀδραμυττηνὸς
1331 1413 1555 1497 γραμματικὸς

329 1514 517 1600 ἐπικληθεὶς
532 1512 644 1593 Ἰξίων
667 1513 782 1580 διὰτὸ
806 1513 957 1602 ἀδικῆσαί
978 1542 1009 1582 τι
1032 1518 1142 1584 δοκεῖν
1169 1523 1243 1602 περί
1269 1521 1330 1601 την
1344 1516 1458 1603 Ἦραν.
1505 1518 1555 1582 De

328 1623 447 1688 Ixionis
478 1628 585 1689 aetate
613 1625 668 1706 qui
696 1623 780 1690 sario
804 1624 963 1689 diversam
985 1624 1109 1706 volgari
1139 1626 1333 1690 senteutiam
1362 1623 1552 1704 detenderit,

329 1730 394 1794 scio
429 1730 578 1812 equidem
612 1730 780 1795 neminem.
835 1731 935 1809 Quem
964 1748 1035 1795 cum
1062 1749 1122 1812 per
1148 1731 1319 1813 Didymnm
1353 1729 1555 1812 saepiuscule

329 1841 455 1901 constet
470 1837 503 1900 in
519 1836 641 1902 scholia
652 1836 824 1902 Homerica
838 1836 1032 1917 pervenisse,
1049 1836 1186 1918 Didymo
1201 1836 1313 1902 volunt
1328 1838 1552 1919 antiquiorem.

327 1943 508 2009 Adsumunt
524 1943 609 2010 Suid.
628 1961 652 2008 s,
669 1963 698 2010 v.
717 1940 942 2029 Δημήτριος..
961 1941 1125 2027 ἐπεκλήθη
1147 1941 1184 2006 δὲ
1200 1940 1310 2020 Ἰξίων
1332 1937 1374 2016 τός
1388 1945 1448 2024 μέν
1463 1963 1553 2021 τινες,

329 2045 410 2112 διότι
433 2049 566 2125 λεπίδος
587 2052 705 2137 χρυσᾶς
720 2048 864 2114 κλέπτων
887 2055 942 2113 τοῦ
958 2050 993 2112 ἐν
1010 2044 1241 2134 Ἀλεξανδρείᾳ
1264 2048 1319 2134 τῆς
1334 2046 1435 2132 Ἤρας
1452 2043 1553 2126 δμωίδ-

327 2177 428 2236 ματος
443 2153 614 2240 ἐφωράθη,
638 2152 680 2230 ιός
696 2154 726 2219 δ’
741 2154 847 2231 ἄλλοι,
873 2151 921 2218 ὅτι
936 2150 1140 2240 δπεσόίιησεν
1155 2151 1365 2240 Εὐριπίδειον
1381 2153 1554 2240 φιλότιμον

327 2259 364 2325 τό
379 2260 491 2344 δρᾶμα
506 2259 583 2342 ἔχον
605 2258 663 2326 τόν
673 2257 795 2340 Ἰξίονα
820 2261 877 2345 [6],
901 2265 1003 2346 ἕτερον
1027 2261 1058 2326 δ’
1078 2259 1126 2326 ὅτι
1148 2261 1194 2349 τῷ
1209 2259 1438 2346 διδασκάλῳ
1451 2257 1553 2342 Ἀρι·

328 2363 398 2430 στό
404 2391 422 2453 ρ
428 2389 480 2453 χιμ
502 2362 673 2452 ἀντήρισεν
701 2366 782 2451 [scil.
807 2366 845 2433 ἐν
870 2369 916 2455 τῷ
944 2365 1027 2452 πρὸς
1052 2369 1112 2443 τὰς
1128 2363 1339 2454 Ἀριστάρχου
1366 2364 1552 2451 δξηγήσεις],

327 2468 432 2559 ὥσπερ
444 2468 577 2552 όἸξίων
587 2469 828 2560 εὐεργετήσωσιν
839 2469 940 2539 αότόν
954 2483 1021 2550 τοίς
1035 2477 1128 2549 θεοῖς
1138 2469 1327 2559 ἀχαριστεῖν
1339 2471 1551 2556 ἐπεχείρησεν.

415 2567 479 2644 Pro
513 2579 694 2646 Aristarchi
731 2580 831 2662 igitur
869 2579 1025 2661 discipulo
1064 2581 1186 2646 habent
1219 2580 1371 2646 Ixionem.
1433 2578 1552 2644 Tamen

327 2685 440 2750 resin
476 2684 607 2751 dubium
637 2687 780 2752 vocanda
807 2691 866 2752 est.
920 2685 1002 2763 Quid
1031 2685 1140 2752 enim?
1192 2685 1305 2752 Nonne
1335 2682 1554 2759 διδάσκαλος

326 2791 381 2856 ille
404 2793 452 2857 ita
474 2797 584 2875 potest
605 2793 716 2874 accipi,
740 2799 778 2858 nt
800 2793 863 2859 dici
887 2791 970 2858 solet
993 2793 1032 2858 de
1049 2793 1225 2858 Aristotele
1244 2792 1385 2858 Homero
1409 2787 1553 2870 aliis⁸⁰)?

326 2898 394 2964 Nec
416 2899 581 2965 dissimilis
599 2897 805 2985 Πόμιμιλοςό
822 2895 1056 2987 Ἀριστόρχειος
1072 2893 1308 2984 Ἀρτεμίδωρος
1323 2895 1341 2963 ό
1359 2894 1553 2983 Ἀριστοφά·

326 3027 410 3080 νειος
435 3003 604 3092 Ἡρόδικος
637 3004 654 3072 ό
692 3005 895 3092 Κρατήτειος.
948 3005 1031 3083 Quid
1065 3005 1185 3086 igitur?
1242 3004 1276 3070 si
1311 3005 1350 3070 (le
1385 3003 1553 3084 scriptoris

327 3112 488 3177 sententia
510 3131 574 3178 non
598 3114 692 3178 dietis
717 3114 774 3179 sed
798 3113 927 3195 seriptis
948 3112 1148 3198 Demetrium
1172 3110 1310 3177 erudivit
1324 3107 1552 3176 Aristarchus?

327 3216 405 3284 Cum
420 3222 557 3300 utraque
573 3219 801 3300 interpretatio
823 3237 883 3301 per
903 3237 938 3286 se
953 3220 1102 3287 videatur
1117 3216 1304 3298 probabilis,
1328 3216 1408 3281 haer
1423 3213 1551 3280 articuli

327 3323 458 3390 Suidani
480 3325 641 3406 particula
660 3325 754 3392 nobis
777 3326 970 3392 semovenda
993 3329 1057 3405 est3
1082 3327 1187 3390 restat
1208 3321 1334 3388 initium
1352 3327 1393 3388 A.
1416 3317 1553 3403 γεγονὼς

397 3500 432 3571 ³⁰)
452 3500 491 3556 cf.
511 3516 545 3556 ex
563 3517 602 3570 gr.
623 3501 754 3556 Galenum
774 3499 820 3572 [ad
838 3500 990 3571 Epigenem
1007 3497 1063 3552 XII
1081 3514 1108 3568 p.
1128 3499 1179 3554 626
1199 3496 1290 3566 thn]
1313 3495 1347 3550 de
1366 3494 1551 3564 sophistarum

326 3589 473 3644 certamine
492 3589 688 3659 disputantem:
709 3589 972 3662 προπηλακιζόμενος
989 3585 1034 3642 ὑπ’
1053 3587 1140 3641 αὐτῶν
1163 3587 1206 3640 rut
1224 3585 1291 3640 τοῦτ’
1314 3580 1399 3652 ἦλθον
1413 3581 1551 3656 Ὀμὴροο

326 3699 367 3750 με
384 3679 627 3740 παιδεύσαντες
646 3677 731 3751 ιἄνδρ’
750 3676 943 3751 inspirandos
970 3675 1012 3733 ότι
1040 3697 1080 3738 τις
1107 3673 1234 3747 πρότερος
1257 3673 1401 3748 χαίεπὴνη’
1429 3673 1551 3740 τοιαύτην

326 3761 375 3822 τόν
393 3767 479 3839 ἀρχὴν
498 3772 573 3839 ἔσχεν
590 3764 605 3834 ἢ
624 3765 692 3837 πρός
710 3765 804 3828 adroic
819 3773 954 3824 σονονσία.
992 3765 1062 3824 ibid.
1074 3781 1101 3835 p.
1116 3766 1169 3821 582
1188 3764 1308 3820 Galenus
1326 3763 1450 3831 scripsit:
1465 3761 1550 3833 Ἀρι-

325 3860 480 3923 στοτέλης
498 3853 512 3910 ό
532 3855 717 3927 φιλόσοφος
745 3855 913 3910 διδάσκων
940 3853 1024 3928 ἡμᾶς
1047 3858 1077 3909 ἔν
1103 3855 1140 3926 τῷ
1164 3855 1225 3925 περὶ
1248 3853 1411 3923 conmercia
1433 3853 1550 3924 ἐλέγχων

324 3945 518 4018 συγγράμματι
536 3949 589 4000 κτλ.
609 3975 641 3985 -
661 3944 817 4002 Beccardus
837 3944 891 4015 [‘de
918 3943 1030 3999 scholiis
1053 3943 1082 3998 in
1100 3941 1213 3998 Homeri
1231 3941 1346 3996 Iliadem
1364 3940 1478 3996 Venetis
1497 3941 1549 3994 Bo·

324 4033 406 4088 rolini
428 4035 495 4089 1850
513 4050 540 4103 p.
559 4036 593 4090 66
607 4033 646 4103 m]
666 4048 726 4088 cum
744 4032 778 4088 de
798 4032 966 4100 cognominis
984 4031 1059 4086 illius
1078 4029 1307 4098 explicationibus
1319 4028 1428 4098 egregie
1447 4028 1486 4082 sic
1505 4028 1546 4082 iu·

324 4123 454 4178 dicasset:
474 4127 621 4176 contrariae
639 4127 702 4174 ileu
723 4120 840 4174 ‘Ixrcm’o’
859 4124 1041 4188 explessem
1058 4123 1238 4172 denmnstrant
1254 4135 1325 4181 sane,
1343 4126 1374 4169 ut
1386 4121 1546 4184 plerumque

316 4215 356 4280 fit
372 4217 400 4264 τίι
418 4217 612 4278 cognominibus
629 4215 812 4272 inlustrandos,
835 4214 974 4278 a'grnorasse
995 4211 1202 4276 kmograptos,
1225 4211 1296 4259 unde
1314 4209 1351 4256 D.
1369 4209 1439 4256 illud
1455 4224 1547 4257 nomen

324 4305 457 4367 acceperit,
479 4300 578 4368 probat
597 4305 688 4354 tamen
706 4314 761 4354 non
778 4304 854 4354 recte
873 4296 926 4353 etsi
943 4296 1102 4352 dubitanter
1113 4295 1305 4350 Aristarchum
1318 4293 1453 4348 Demetrii
1465 4293 1548 4348 fuisse

324 4389 483 4458 magistrum
502 4388 549 4459 [cs.
567 4387 649 4445 etiam
667 4405 695 4458 p.
713 4389 746 4444 51
768 4388 814 4456 n.].
