<?xml version="1.0" encoding="UTF-8"?>
<!DOCTYPE html PUBLIC "-//W3C//DTD XHTML 1.0 Transitional//EN"
    "http://www.w3.org/TR/xhtml1/DTD/xhtml1-transitional.dtd">
<html xmlns="http://www.w3.org/1999/xhtml" xml:lang="en" lang="en">
 <head>
  <title>
</title>
<meta http-equiv="Content-Type" content="text/html;charset=utf-8" />
  <meta name='ocr-system' content='tesseract 3.04.00' />
  <meta name='ocr-capabilities' content='ocr_page ocr_carea ocr_par ocr_line ocrx_word'/>
</head>
<body>
  <div class='ocr_page' id='page_1' title='image "./debiographisgra00maasgoog_0030.png"; bbox 0 0 3516 5272; ppageno 0'>
   <div class='ocr_carea' id='block_1_1' title="bbox 1449 449 1490 510">
    <p class='ocr_par' dir='ltr' id='par_1_1' title="bbox 1449 449 1490 510">
     <span class='ocr_line' id='line_1_1' title="bbox 1449 449 1490 510; baseline -0.049 0"><span class='ocrx_word' id='word_1_1' title='bbox 1449 449 1490 510; x_wconf 78' lang='lat'><strong>21</strong></span> 
     </span>
    </p>
   </div>
   <div class='ocr_carea' id='block_1_2' title="bbox 197 616 1492 2088">
    <p class='ocr_par' dir='ltr' id='par_1_2' title="bbox 197 616 1492 2088">
     <span class='ocr_line' id='line_1_2' title="bbox 358 616 1492 702; baseline 0.006 -21"><span class='ocrx_word' id='word_1_2' title='bbox 358 616 406 680; x_wconf 91' lang='lat' dir='ltr'><strong>Ad</strong></span> <span class='ocrx_word' id='word_1_3' title='bbox 429 618 606 698; x_wconf 82' lang='lat' dir='ltr'>Diogenem</span> <span class='ocrx_word' id='word_1_4' title='bbox 625 617 785 683; x_wconf 77' lang='lat' dir='ltr'><strong>revertor.</strong></span> <span class='ocrx_word' id='word_1_5' title='bbox 825 617 958 700; x_wconf 80' lang='lat' dir='ltr'><strong>Semper</strong></span> <span class='ocrx_word' id='word_1_6' title='bbox 980 621 1083 700; x_wconf 89' lang='lat' dir='ltr'><strong>paene</strong></span> <span class='ocrx_word' id='word_1_7' title='bbox 1106 619 1239 686; x_wconf 84' lang='lat' dir='ltr'><strong>offendit</strong></span> <span class='ocrx_word' id='word_1_8' title='bbox 1261 621 1492 702; x_wconf 78' lang='lat' dir='ltr'>Epicureorum</span> 
     </span>
     <span class='ocr_line' id='line_1_3' title="bbox 267 724 1491 817; baseline 0.007 -29"><span class='ocrx_word' id='word_1_9' title='bbox 267 725 504 790; x_wconf 82' lang='lat' dir='ltr'><strong>successionum</strong></span> <span class='ocrx_word' id='word_1_10' title='bbox 528 724 724 789; x_wconf 76' lang='lat' dir='ltr'><strong>diuturnitas</strong></span> <span class='ocrx_word' id='word_1_11' title='bbox 747 725 928 806; x_wconf 89' lang='lat' dir='ltr'><strong>aDiogene</strong></span> <span class='ocrx_word' id='word_1_12' title='bbox 943 727 1130 806; x_wconf 86' lang='lat' dir='ltr'><strong>praedicata</strong></span> <span class='ocrx_word' id='word_1_13' title='bbox 1146 727 1176 791; x_wconf 87' lang='lat' dir='ltr'>X</span> <span class='ocrx_word' id='word_1_14' title='bbox 1193 729 1227 792; x_wconf 85' lang='lat'><strong>9:</strong></span> <span class='ocrx_word' id='word_1_15' title='bbox 1252 726 1270 810; x_wconf 77' lang='grc' dir='ltr'><em>ἢ</em></span> <span class='ocrx_word' id='word_1_16' title='bbox 1292 753 1327 794; x_wconf 77' lang='grc' dir='ltr'><strong>οι</strong></span> <span class='ocrx_word' id='word_1_17' title='bbox 1350 731 1491 817; x_wconf 76' lang='grc' dir='ltr'><strong><em>διαδοχή</em></strong></span> 
     </span>
     <span class='ocr_line' id='line_1_4' title="bbox 266 828 1490 923; baseline 0.007 -30"><span class='ocrx_word' id='word_1_18' title='bbox 266 833 383 897; x_wconf 80' lang='grc' dir='ltr'><em>πασῶν</em></span> <span class='ocrx_word' id='word_1_19' title='bbox 414 829 532 911; x_wconf 83' lang='grc' dir='ltr'><strong><em>σχεδὸν</em></strong></span> <span class='ocrx_word' id='word_1_20' title='bbox 560 830 760 896; x_wconf 71' lang='grc' dir='ltr'><strong><em>ἐκλιπουσῶν</em></strong></span> <span class='ocrx_word' id='word_1_21' title='bbox 788 834 852 894; x_wconf 79' lang='grc' dir='ltr'><strong><em>τῶν</em></strong></span> <span class='ocrx_word' id='word_1_22' title='bbox 874 830 985 897; x_wconf 85' lang='grc' dir='ltr'><strong><em>ἄλλων</em></strong></span> <span class='ocrx_word' id='word_1_23' title='bbox 1007 830 1039 906; x_wconf 73' lang='grc' dir='ltr'><strong>ἐς</strong></span> <span class='ocrx_word' id='word_1_24' title='bbox 1061 828 1114 896; x_wconf 74' lang='grc' dir='ltr'><strong><em>οἷοὶ</em></strong></span> <span class='ocrx_word' id='word_1_25' title='bbox 1137 833 1335 916; x_wconf 74' lang='grc' dir='ltr'><strong><em>διαμένουσα</em></strong></span> <span class='ocrx_word' id='word_1_26' title='bbox 1357 838 1413 900; x_wconf 81' lang='grc' dir='ltr'><strong><em>καλ</em></strong></span> <span class='ocrx_word' id='word_1_27' title='bbox 1438 861 1490 923; x_wconf 87' lang='grc' dir='ltr'><strong><em>νη-</em></strong></span> 
     </span>
     <span class='ocr_line' id='line_1_5' title="bbox 266 934 1489 1029; baseline 0.009 -30"><span class='ocrx_word' id='word_1_28' title='bbox 266 941 407 1022; x_wconf 66' lang='grc' dir='ltr'><strong><em>ρίθμους</em></strong></span> <span class='ocrx_word' id='word_1_29' title='bbox 439 934 543 1019; x_wconf 76' lang='grc' dir='ltr'><strong><em>ἀρχὰς</em></strong></span> <span class='ocrx_word' id='word_1_30' title='bbox 582 935 771 1002; x_wconf 63' lang='grc' dir='ltr'><strong><em>ἀπολύουσα</em></strong></span> <span class='ocrx_word' id='word_1_31' title='bbox 809 935 912 1021; x_wconf 73' lang='grc' dir='ltr'><strong><em>ἄλλον</em></strong></span> <span class='ocrx_word' id='word_1_32' title='bbox 949 935 985 1016; x_wconf 72' lang='grc' dir='ltr'><strong>ἐξ</strong></span> <span class='ocrx_word' id='word_1_33' title='bbox 1023 937 1122 1023; x_wconf 83' lang='grc' dir='ltr'><strong><em>ἄλλης</em></strong></span> <span class='ocrx_word' id='word_1_34' title='bbox 1158 940 1225 1006; x_wconf 76' lang='grc' dir='ltr'><strong><em>τῶν</em></strong></span> <span class='ocrx_word' id='word_1_35' title='bbox 1261 949 1431 1029; x_wconf 78' lang='grc' dir='ltr'><strong><em>γνωρίμων</em></strong></span> <span class='ocrx_word' id='word_1_36' title='bbox 1439 941 1489 1029; x_wconf 82' lang='lat'><strong>¹⁹).</strong></span> 
     </span>
     <span class='ocr_line' id='line_1_6' title="bbox 265 1043 1491 1130; baseline 0.007 -24"><span class='ocrx_word' id='word_1_37' title='bbox 265 1043 440 1121; x_wconf 80' lang='lat' dir='ltr'><strong>Quomiuus</strong></span> <span class='ocrx_word' id='word_1_38' title='bbox 474 1043 605 1110; x_wconf 86' lang='lat' dir='ltr'><strong>Laertio</strong></span> <span class='ocrx_word' id='word_1_39' title='bbox 639 1043 735 1109; x_wconf 90' lang='lat' dir='ltr'><strong>iidem</strong></span> <span class='ocrx_word' id='word_1_40' title='bbox 768 1044 956 1124; x_wconf 78' lang='lat' dir='ltr'><strong>habeamur,</strong></span> <span class='ocrx_word' id='word_1_41' title='bbox 992 1045 1182 1112; x_wconf 87' lang='lat' dir='ltr'><strong>Nietnscheo</strong></span> <span class='ocrx_word' id='word_1_42' title='bbox 1214 1048 1320 1114; x_wconf 91' lang='lat' dir='ltr'><strong>iudice</strong></span> <span class='ocrx_word' id='word_1_43' title='bbox 1355 1050 1491 1130; x_wconf 89' lang='lat' dir='ltr'><strong>impedit</strong></span> 
     </span>
     <span class='ocr_line' id='line_1_7' title="bbox 264 1150 1488 1237; baseline 0.003 -20"><span class='ocrx_word' id='word_1_44' title='bbox 264 1169 334 1217; x_wconf 79' lang='lat' dir='ltr'><strong>cunr</strong></span> <span class='ocrx_word' id='word_1_45' title='bbox 358 1150 549 1216; x_wconf 86' lang='lat' dir='ltr'><strong>altissimum</strong></span> <span class='ocrx_word' id='word_1_46' title='bbox 572 1155 716 1216; x_wconf 87' lang='lat' dir='ltr'><strong>veterum</strong></span> <span class='ocrx_word' id='word_1_47' title='bbox 741 1152 782 1216; x_wconf 90' lang='lat' dir='ltr'><strong>de</strong></span> <span class='ocrx_word' id='word_1_48' title='bbox 802 1155 896 1216; x_wconf 89' lang='lat' dir='ltr'><strong>tanta</strong></span> <span class='ocrx_word' id='word_1_49' title='bbox 920 1150 1048 1217; x_wconf 89' lang='lat' dir='ltr'><strong>scholae</strong></span> <span class='ocrx_word' id='word_1_50' title='bbox 1070 1155 1290 1235; x_wconf 75' lang='lat' dir='ltr'><strong>perpetuitate</strong></span> <span class='ocrx_word' id='word_1_51' title='bbox 1316 1156 1488 1237; x_wconf 86' lang='lat' dir='ltr'><strong>silentium,</strong></span> 
     </span>
     <span class='ocr_line' id='line_1_8' title="bbox 263 1257 1486 1339; baseline 0.004 -16"><span class='ocrx_word' id='word_1_52' title='bbox 263 1263 332 1323; x_wconf 91' lang='lat' dir='ltr'><strong>tum</strong></span> <span class='ocrx_word' id='word_1_53' title='bbox 367 1259 481 1324; x_wconf 86' lang='lat' dir='ltr'><strong>Snidas</strong></span> <span class='ocrx_word' id='word_1_54' title='bbox 515 1258 602 1322; x_wconf 88' lang='lat' dir='ltr'><strong>ultra</strong></span> <span class='ocrx_word' id='word_1_55' title='bbox 634 1257 813 1339; x_wconf 89' lang='lat' dir='ltr'><strong>Augustum</strong></span> <span class='ocrx_word' id='word_1_56' title='bbox 849 1259 1083 1323; x_wconf 81' lang='lat' dir='ltr'><strong>successionem</strong></span> <span class='ocrx_word' id='word_1_57' title='bbox 1116 1277 1180 1324; x_wconf 88' lang='lat' dir='ltr'><strong>non</strong></span> <span class='ocrx_word' id='word_1_58' title='bbox 1214 1261 1384 1328; x_wconf 90' lang='lat' dir='ltr'><strong>deducens.</strong></span> <span class='ocrx_word' id='word_1_59' title='bbox 1410 1281 1434 1328; x_wconf 90' lang='lat' dir='ltr'><strong>s.</strong></span> <span class='ocrx_word' id='word_1_60' title='bbox 1458 1281 1486 1328; x_wconf 87' lang='lat' dir='ltr'><strong>v.</strong></span> 
     </span>
     <span class='ocr_line' id='line_1_9' title="bbox 256 1363 1487 1462; baseline 0.005 -34"><span class='ocrx_word' id='word_1_61' title='bbox 256 1363 455 1451; x_wconf 77' lang='grc' dir='ltr'><strong><em>Ἐπίκουρος.</em></strong></span> <span class='ocrx_word' id='word_1_62' title='bbox 503 1366 651 1431; x_wconf 89' lang='lat' dir='ltr'><strong>Oblocuti</strong></span> <span class='ocrx_word' id='word_1_63' title='bbox 681 1371 756 1431; x_wconf 88' lang='lat' dir='ltr'><strong>sunt</strong></span> <span class='ocrx_word' id='word_1_64' title='bbox 778 1365 1058 1462; x_wconf 32' lang='lat' dir='ltr'><strong>Freudenthaliusb</strong></span> <span class='ocrx_word' id='word_1_65' title='bbox 1070 1385 1100 1447; x_wconf 92' lang='lat' dir='ltr'><strong>p.</strong></span> <span class='ocrx_word' id='word_1_66' title='bbox 1121 1367 1185 1431; x_wconf 87' lang='grc'><strong>308</strong></span> <span class='ocrx_word' id='word_1_67' title='bbox 1209 1385 1240 1432; x_wconf 87' lang='lat'><strong>11.</strong></span> <span class='ocrx_word' id='word_1_68' title='bbox 1266 1372 1299 1432; x_wconf 91' lang='lat' dir='ltr'><strong>et</strong></span> <span class='ocrx_word' id='word_1_69' title='bbox 1326 1367 1487 1434; x_wconf 89' lang='lat' dir='ltr'><strong>Dielesius</strong></span> 
     </span>
     <span class='ocr_line' id='line_1_10' title="bbox 262 1473 1488 1556; baseline 0.002 -20"><span class='ocrx_word' id='word_1_70' title='bbox 262 1493 293 1555; x_wconf 92' lang='lat' dir='ltr'><strong>p.</strong></span> <span class='ocrx_word' id='word_1_71' title='bbox 310 1475 375 1537; x_wconf 76' lang='lat'><strong>245</strong></span> <span class='ocrx_word' id='word_1_72' title='bbox 399 1493 429 1538; x_wconf 94' lang='lat' dir='ltr'><strong>n.</strong></span> <span class='ocrx_word' id='word_1_73' title='bbox 476 1474 620 1555; x_wconf 80' lang='lat' dir='ltr'><strong>Iunpares</strong></span> <span class='ocrx_word' id='word_1_74' title='bbox 648 1473 809 1554; x_wconf 87' lang='lat' dir='ltr'><strong>utrimque</strong></span> <span class='ocrx_word' id='word_1_75' title='bbox 838 1473 1064 1552; x_wconf 77' lang='lat' dir='ltr'><strong>auctoritates,</strong></span> <span class='ocrx_word' id='word_1_76' title='bbox 1099 1474 1237 1555; x_wconf 90' lang='lat' dir='ltr'><strong>imparia</strong></span> <span class='ocrx_word' id='word_1_77' title='bbox 1267 1474 1364 1539; x_wconf 90' lang='lat' dir='ltr'><strong>etiam</strong></span> <span class='ocrx_word' id='word_1_78' title='bbox 1393 1493 1488 1556; x_wconf 86' lang='lat' dir='ltr'><strong>argu-</strong></span> 
     </span>
     <span class='ocr_line' id='line_1_11' title="bbox 261 1579 1485 1666; baseline 0.003 -22"><span class='ocrx_word' id='word_1_79' title='bbox 261 1582 651 1646; x_wconf 89' lang='lat' dir='ltr'><strong>mentationismomenta.</strong></span> <span class='ocrx_word' id='word_1_80' title='bbox 677 1579 1089 1644; x_wconf 87' lang='lat' dir='ltr'><strong>AudiamusNumenium</strong></span> <span class='ocrx_word' id='word_1_81' title='bbox 1104 1579 1485 1666; x_wconf 79' lang='lat' dir='ltr'><strong>Neoplatonicum²⁰).</strong></span> 
     </span>
     <span class='ocr_line' id='line_1_12' title="bbox 260 1686 1487 1769; baseline 0.002 -17"><span class='ocrx_word' id='word_1_82' title='bbox 260 1687 292 1752; x_wconf 90' lang='lat' dir='ltr'><strong>Is</strong></span> <span class='ocrx_word' id='word_1_83' title='bbox 317 1707 387 1752; x_wconf 90' lang='lat' dir='ltr'><strong>cum</strong></span> <span class='ocrx_word' id='word_1_84' title='bbox 410 1687 671 1752; x_wconf 87' lang='lat' dir='ltr'><strong>Academicorum</strong></span> <span class='ocrx_word' id='word_1_85' title='bbox 696 1687 939 1769; x_wconf 87' lang='lat' dir='ltr'><strong>Stoicorumque</strong></span> <span class='ocrx_word' id='word_1_86' title='bbox 967 1686 1160 1752; x_wconf 83' lang='lat' dir='ltr'><strong>discordiam</strong></span> <span class='ocrx_word' id='word_1_87' title='bbox 1187 1689 1356 1769; x_wconf 88' lang='lat' dir='ltr'><strong>epicureae</strong></span> <span class='ocrx_word' id='word_1_88' title='bbox 1379 1693 1487 1754; x_wconf 87' lang='lat' dir='ltr'><strong>sectae</strong></span> 
     </span>
     <span class='ocr_line' id='line_1_13' title="bbox 261 1793 1485 1876; baseline 0.002 -18"><span class='ocrx_word' id='word_1_89' title='bbox 261 1795 429 1858; x_wconf 87' lang='lat' dir='ltr'><strong>consensui</strong></span> <span class='ocrx_word' id='word_1_90' title='bbox 453 1799 646 1876; x_wconf 87' lang='lat' dir='ltr'><strong>opponeret,</strong></span> <span class='ocrx_word' id='word_1_91' title='bbox 676 1794 814 1859; x_wconf 90' lang='lat' dir='ltr'><strong>dilucide</strong></span> <span class='ocrx_word' id='word_1_92' title='bbox 841 1795 889 1858; x_wconf 88' lang='lat' dir='ltr'><strong>ita</strong></span> <span class='ocrx_word' id='word_1_93' title='bbox 912 1793 1057 1875; x_wconf 84' lang='lat' dir='ltr'><strong>scripsit,</strong></span> <span class='ocrx_word' id='word_1_94' title='bbox 1088 1797 1126 1858; x_wconf 90' lang='lat' dir='ltr'><strong>ut</strong></span> <span class='ocrx_word' id='word_1_95' title='bbox 1152 1811 1211 1858; x_wconf 91' lang='lat' dir='ltr'><strong>nec</strong></span> <span class='ocrx_word' id='word_1_96' title='bbox 1234 1793 1359 1859; x_wconf 84' lang='lat' dir='ltr'><strong>Stoicos</strong></span> <span class='ocrx_word' id='word_1_97' title='bbox 1382 1812 1485 1876; x_wconf 88' lang='lat' dir='ltr'><strong>neque</strong></span> 
     </span>
     <span class='ocr_line' id='line_1_14' title="bbox 197 1897 1486 1995; baseline 0.002 -32"><span class='ocrx_word' id='word_1_98' title='bbox 197 1972 209 1995; x_wconf 33' lang='grc' dir='ltr'><em>ο</em></span> <span class='ocrx_word' id='word_1_99' title='bbox 260 1900 436 1981; x_wconf 83' lang='lat' dir='ltr'><strong>Epicureos</strong></span> <span class='ocrx_word' id='word_1_100' title='bbox 472 1901 610 1965; x_wconf 89' lang='lat' dir='ltr'><strong>secundo</strong></span> <span class='ocrx_word' id='word_1_101' title='bbox 639 1905 713 1982; x_wconf 91' lang='lat' dir='ltr'><strong>post</strong></span> <span class='ocrx_word' id='word_1_102' title='bbox 741 1899 814 1964; x_wconf 81' lang='lat' dir='ltr'><strong>Chr.</strong></span> <span class='ocrx_word' id='word_1_103' title='bbox 846 1919 876 1964; x_wconf 89' lang='lat' dir='ltr'><strong>n.</strong></span> <span class='ocrx_word' id='word_1_104' title='bbox 908 1900 1035 1965; x_wconf 90' lang='lat' dir='ltr'><strong>saeculo</strong></span> <span class='ocrx_word' id='word_1_105' title='bbox 1065 1897 1253 1964; x_wconf 86' lang='lat' dir='ltr'><strong>defloruisse</strong></span> <span class='ocrx_word' id='word_1_106' title='bbox 1287 1899 1486 1982; x_wconf 87' lang='lat' dir='ltr'><strong>significaret</strong></span> 
     </span>
     <span class='ocr_line' id='line_1_15' title="bbox 260 2006 1484 2088; baseline 0.002 -19"><span class='ocrx_word' id='word_1_107' title='bbox 260 2011 357 2088; x_wconf 89' lang='lat' dir='ltr'><strong>atque</strong></span> <span class='ocrx_word' id='word_1_108' title='bbox 392 2007 472 2071; x_wconf 89' lang='lat' dir='ltr'><strong>adeo</strong></span> <span class='ocrx_word' id='word_1_109' title='bbox 503 2006 679 2088; x_wconf 86' lang='lat' dir='ltr'><strong>Epicureos</strong></span> <span class='ocrx_word' id='word_1_110' title='bbox 713 2006 746 2070; x_wconf 93' lang='lat' dir='ltr'><strong>in</strong></span> <span class='ocrx_word' id='word_1_111' title='bbox 781 2011 947 2087; x_wconf 84' lang='lat' dir='ltr'><strong>posterum</strong></span> <span class='ocrx_word' id='word_1_112' title='bbox 982 2023 1053 2070; x_wconf 91' lang='lat' dir='ltr'><strong>esse</strong></span> <span class='ocrx_word' id='word_1_113' title='bbox 1089 2006 1260 2070; x_wconf 89' lang='lat' dir='ltr'><strong>duraturos</strong></span> <span class='ocrx_word' id='word_1_114' title='bbox 1295 2008 1484 2072; x_wconf 90' lang='lat' dir='ltr'><strong>concordiae</strong></span> 
     </span>
    </p>
   </div>
   <div class='ocr_carea' id='block_1_3' title="bbox 258 2112 1483 2408">
    <p class='ocr_par' dir='ltr' id='par_1_3' title="bbox 258 2112 1483 2408">
     <span class='ocr_line' id='line_1_16' title="bbox 259 2112 1483 2196; baseline 0.002 -19"><span class='ocrx_word' id='word_1_115' title='bbox 259 2112 384 2178; x_wconf 89' lang='lat' dir='ltr'><strong>vinculo</strong></span> <span class='ocrx_word' id='word_1_116' title='bbox 400 2114 546 2195; x_wconf 87' lang='lat' dir='ltr'><strong>integros</strong></span> <span class='ocrx_word' id='word_1_117' title='bbox 563 2117 785 2195; x_wconf 79' lang='lat' dir='ltr'><strong>auguraretur.</strong></span> <span class='ocrx_word' id='word_1_118' title='bbox 819 2112 898 2178; x_wconf 84' lang='lat' dir='ltr'><strong>Oum</strong></span> <span class='ocrx_word' id='word_1_119' title='bbox 914 2114 975 2178; x_wconf 92' lang='lat' dir='ltr'><strong>hoc</strong></span> <span class='ocrx_word' id='word_1_120' title='bbox 988 2113 1107 2179; x_wconf 85' lang='lat' dir='ltr'><strong>iudicio</strong></span> <span class='ocrx_word' id='word_1_121' title='bbox 1121 2112 1238 2178; x_wconf 83' lang='lat' dir='ltr'><strong>Suidae</strong></span> <span class='ocrx_word' id='word_1_122' title='bbox 1253 2113 1483 2196; x_wconf 83' lang='lat' dir='ltr'><strong>testimonium,</strong></span> 
     </span>
     <span class='ocr_line' id='line_1_17' title="bbox 258 2219 1483 2302; baseline 0.002 -19"><span class='ocrx_word' id='word_1_123' title='bbox 258 2221 352 2284; x_wconf 92' lang='lat' dir='ltr'><strong>modo</strong></span> <span class='ocrx_word' id='word_1_124' title='bbox 369 2221 578 2302; x_wconf 82' lang='lat' dir='ltr'><strong>neglegenter</strong></span> <span class='ocrx_word' id='word_1_125' title='bbox 588 2221 804 2302; x_wconf 89' lang='lat' dir='ltr'><strong>perscriptum</strong></span> <span class='ocrx_word' id='word_1_126' title='bbox 815 2220 975 2301; x_wconf 86' lang='lat' dir='ltr'><strong>largiaris,</strong></span> <span class='ocrx_word' id='word_1_127' title='bbox 992 2219 1190 2286; x_wconf 84' lang='lat' dir='ltr'><strong>conciliatur.</strong></span> <span class='ocrx_word' id='word_1_128' title='bbox 1222 2220 1333 2302; x_wconf 86' lang='lat' dir='ltr'><strong>Neque</strong></span> <span class='ocrx_word' id='word_1_129' title='bbox 1350 2221 1434 2285; x_wconf 91' lang='lat' dir='ltr'><strong>enim</strong></span> <span class='ocrx_word' id='word_1_130' title='bbox 1449 2221 1483 2286; x_wconf 91' lang='lat' dir='ltr'><strong>in</strong></span> 
     </span>
     <span class='ocr_line' id='line_1_18' title="bbox 258 2325 1483 2408; baseline 0.002 -19"><span class='ocrx_word' id='word_1_131' title='bbox 258 2325 338 2407; x_wconf 87' lang='lat' dir='ltr'><strong>ipsis</strong></span> <span class='ocrx_word' id='word_1_132' title='bbox 348 2326 546 2390; x_wconf 83' lang='lat' dir='ltr'><strong>Athenarum</strong></span> <span class='ocrx_word' id='word_1_133' title='bbox 561 2325 700 2392; x_wconf 89' lang='lat' dir='ltr'><strong>hortulis</strong></span> <span class='ocrx_word' id='word_1_134' title='bbox 714 2327 801 2391; x_wconf 89' lang='lat' dir='ltr'><strong>ultra</strong></span> <span class='ocrx_word' id='word_1_135' title='bbox 811 2326 950 2408; x_wconf 80' lang='lat' dir='ltr'><strong>Augusti</strong></span> <span class='ocrx_word' id='word_1_136' title='bbox 966 2331 1093 2408; x_wconf 85' lang='lat' dir='ltr'><strong>tempus</strong></span> <span class='ocrx_word' id='word_1_137' title='bbox 1110 2327 1305 2392; x_wconf 88' lang='lat' dir='ltr'><strong>domicilium</strong></span> <span class='ocrx_word' id='word_1_138' title='bbox 1320 2326 1483 2394; x_wconf 86' lang='lat' dir='ltr'><strong>habebant</strong></span> 
     </span>
    </p>
   </div>
   <div class='ocr_carea' id='block_1_4' title="bbox 229 2565 1479 4427">
    <p class='ocr_par' dir='ltr' id='par_1_4' title="bbox 229 2565 1479 4427">
     <span class='ocr_line' id='line_1_19' title="bbox 257 2565 1479 2647; baseline -0.001 -18"><span class='ocrx_word' id='word_1_139' title='bbox 257 2574 413 2647; x_wconf 76' lang='grc' dir='ltr'><strong><em>ἀπεδέχετο,</em></strong></span> <span class='ocrx_word' id='word_1_140' title='bbox 443 2575 506 2646; x_wconf 76' lang='grc' dir='ltr'><strong>γησὶ</strong></span> <span class='ocrx_word' id='word_1_141' title='bbox 533 2565 651 2642; x_wconf 72' lang='grc' dir='ltr'><strong><em>Διοκλῆς,</em></strong></span> <span class='ocrx_word' id='word_1_142' title='bbox 678 2573 730 2626; x_wconf 83' lang='grc' dir='ltr'><strong><em>τῶν</em></strong></span> <span class='ocrx_word' id='word_1_143' title='bbox 757 2573 878 2646; x_wconf 75' lang='grc' dir='ltr'><strong><em>ἀρχαίων</em></strong></span> <span class='ocrx_word' id='word_1_144' title='bbox 902 2571 1092 2646; x_wconf 69' lang='grc' dir='ltr'><strong><em>Ἀναξαγόραν.</em></strong></span> <span class='ocrx_word' id='word_1_145' title='bbox 1133 2573 1226 2628; x_wconf 84' lang='lat' dir='ltr'><strong>Vertit</strong></span> <span class='ocrx_word' id='word_1_146' title='bbox 1249 2573 1295 2628; x_wconf 81' lang='lat' dir='ltr'><strong>Fr.</strong></span> <span class='ocrx_word' id='word_1_147' title='bbox 1324 2572 1479 2629; x_wconf 82' lang='lat' dir='ltr'><strong>‘maximam</strong></span> 
     </span>
     <span class='ocr_line' id='line_1_20' title="bbox 256 2661 1479 2735; baseline -0.002 -17"><span class='ocrx_word' id='word_1_148' title='bbox 256 2665 412 2735; x_wconf 85' lang='lat' dir='ltr'><strong>dogmatum</strong></span> <span class='ocrx_word' id='word_1_149' title='bbox 438 2670 544 2733; x_wconf 89' lang='lat' dir='ltr'><strong>partem</strong></span> <span class='ocrx_word' id='word_1_150' title='bbox 577 2679 637 2717; x_wconf 87' lang='lat' dir='ltr'><strong>eum</strong></span> <span class='ocrx_word' id='word_1_151' title='bbox 664 2661 842 2733; x_wconf 77' lang='lat' dir='ltr'><strong>Anaxagorae</strong></span> <span class='ocrx_word' id='word_1_152' title='bbox 862 2662 988 2718; x_wconf 88' lang='lat' dir='ltr'><strong>debuisse</strong></span> <span class='ocrx_word' id='word_1_153' title='bbox 1012 2662 1099 2718; x_wconf 82' lang='lat' dir='ltr'><strong>retent</strong></span> <span class='ocrx_word' id='word_1_154' title='bbox 1126 2662 1253 2718; x_wconf 86' lang='lat' dir='ltr'><strong>Dioclea&#39;.</strong></span> <span class='ocrx_word' id='word_1_155' title='bbox 1309 2663 1479 2718; x_wconf 85' lang='lat' dir='ltr'><strong>Vertendum</strong></span> 
     </span>
     <span class='ocr_line' id='line_1_21' title="bbox 256 2751 1477 2822; baseline -0.002 -14"><span class='ocrx_word' id='word_1_156' title='bbox 256 2761 328 2808; x_wconf 88' lang='lat' dir='ltr'><strong>erat:</strong></span> <span class='ocrx_word' id='word_1_157' title='bbox 349 2755 476 2810; x_wconf 85' lang='lat' dir='ltr'><strong>‘maxime</strong></span> <span class='ocrx_word' id='word_1_158' title='bbox 496 2761 619 2810; x_wconf 81' lang='lat' dir='ltr'><strong>veterum</strong></span> <span class='ocrx_word' id='word_1_159' title='bbox 637 2753 766 2822; x_wconf 83' lang='lat' dir='ltr'><strong>probavit</strong></span> <span class='ocrx_word' id='word_1_160' title='bbox 783 2755 991 2821; x_wconf 84' lang='lat' dir='ltr'><strong>Anaxagoram’.</strong></span> <span class='ocrx_word' id='word_1_161' title='bbox 1028 2752 1061 2807; x_wconf 93' lang='lat' dir='ltr'><strong>In</strong></span> <span class='ocrx_word' id='word_1_162' title='bbox 1078 2767 1132 2820; x_wconf 90' lang='lat' dir='ltr'><strong>quo</strong></span> <span class='ocrx_word' id='word_1_163' title='bbox 1151 2753 1218 2820; x_wconf 90' lang='lat' dir='ltr'><strong>quid</strong></span> <span class='ocrx_word' id='word_1_164' title='bbox 1240 2751 1276 2806; x_wconf 89' lang='lat' dir='ltr'><strong>sit</strong></span> <span class='ocrx_word' id='word_1_165' title='bbox 1293 2752 1417 2821; x_wconf 78' lang='lat' dir='ltr'><strong>Epicuro</strong></span> <span class='ocrx_word' id='word_1_166' title='bbox 1435 2753 1477 2806; x_wconf 91' lang='lat' dir='ltr'><strong>in·</strong></span> 
     </span>
     <span class='ocr_line' id='line_1_22' title="bbox 256 2840 1476 2915; baseline -0.001 -17"><span class='ocrx_word' id='word_1_167' title='bbox 256 2843 376 2912; x_wconf 87' lang='lat' dir='ltr'><strong>dignum,</strong></span> <span class='ocrx_word' id='word_1_168' title='bbox 398 2861 455 2900; x_wconf 92' lang='lat' dir='ltr'><strong>non</strong></span> <span class='ocrx_word' id='word_1_169' title='bbox 479 2844 567 2900; x_wconf 85' lang='lat' dir='ltr'><strong>rideo.</strong></span> <span class='ocrx_word' id='word_1_170' title='bbox 586 2875 620 2884; x_wconf 84' lang='lat'>-</span> <span class='ocrx_word' id='word_1_171' title='bbox 646 2845 738 2900; x_wconf 83' lang='lat' dir='ltr'><strong>Etiam</strong></span> <span class='ocrx_word' id='word_1_172' title='bbox 757 2843 931 2899; x_wconf 81' lang='lat' dir='ltr'><strong>Democritea</strong></span> <span class='ocrx_word' id='word_1_173' title='bbox 955 2843 1001 2915; x_wconf 84' lang='lat' dir='ltr'><strong>[ef.</strong></span> <span class='ocrx_word' id='word_1_174' title='bbox 1021 2842 1133 2898; x_wconf 85' lang='lat' dir='ltr'><strong>Sextum</strong></span> <span class='ocrx_word' id='word_1_175' title='bbox 1151 2841 1322 2910; x_wconf 85' lang='lat' dir='ltr'><strong>Empirioum</strong></span> <span class='ocrx_word' id='word_1_176' title='bbox 1340 2840 1393 2896; x_wconf 89' lang='lat' dir='ltr'><strong>VII</strong></span> <span class='ocrx_word' id='word_1_177' title='bbox 1414 2841 1476 2912; x_wconf 85' lang='lat'>140]</span> 
     </span>
     <span class='ocr_line' id='line_1_23' title="bbox 254 2929 1475 3002; baseline -0.003 -15"><span class='ocrx_word' id='word_1_178' title='bbox 254 2933 434 3002; x_wconf 84' lang='lat' dir='ltr'><strong>Anaxagorae</strong></span> <span class='ocrx_word' id='word_1_179' title='bbox 457 2933 532 2988; x_wconf 89' lang='lat' dir='ltr'><strong>laudi</strong></span> <span class='ocrx_word' id='word_1_180' title='bbox 557 2933 654 3002; x_wconf 82' lang='lat' dir='ltr'><strong>vertit,</strong></span> <span class='ocrx_word' id='word_1_181' title='bbox 681 2933 753 3002; x_wconf 91' lang='lat' dir='ltr'><strong>quod</strong></span> <span class='ocrx_word' id='word_1_182' title='bbox 773 2949 899 2990; x_wconf 86' lang='lat' dir='ltr'><strong>sensuum</strong></span> <span class='ocrx_word' id='word_1_183' title='bbox 923 2948 1002 2986; x_wconf 85' lang='lat' dir='ltr'><strong>sensa</strong></span> <span class='ocrx_word' id='word_1_184' title='bbox 1019 2931 1054 2986; x_wconf 90' lang='lat' dir='ltr'><strong>ad</strong></span> <span class='ocrx_word' id='word_1_185' title='bbox 1072 2946 1106 2985; x_wconf 89' lang='lat' dir='ltr'><strong>ea</strong></span> <span class='ocrx_word' id='word_1_186' title='bbox 1124 2946 1193 3000; x_wconf 88' lang='lat' dir='ltr'><strong>quae</strong></span> <span class='ocrx_word' id='word_1_187' title='bbox 1213 2929 1368 2998; x_wconf 84' lang='lat' dir='ltr'><strong>cognitione</strong></span> <span class='ocrx_word' id='word_1_188' title='bbox 1386 2930 1475 2998; x_wconf 87' lang='lat' dir='ltr'><strong>perci·</strong></span> 
     </span>
     <span class='ocr_line' id='line_1_24' title="bbox 253 3017 1476 3100; baseline -0.001 -26"><span class='ocrx_word' id='word_1_189' title='bbox 253 3020 367 3088; x_wconf 85' lang='lat' dir='ltr'><strong>piantur</strong></span> <span class='ocrx_word' id='word_1_190' title='bbox 400 3022 471 3077; x_wconf 84' lang='lat' dir='ltr'><strong>viam</strong></span> <span class='ocrx_word' id='word_1_191' title='bbox 503 3024 611 3100; x_wconf 83' lang='lat' dir='ltr'><strong>aperire</strong></span> <span class='ocrx_word' id='word_1_192' title='bbox 645 3023 787 3080; x_wconf 89' lang='lat' dir='ltr'><strong>contendit</strong></span> <span class='ocrx_word' id='word_1_193' title='bbox 811 3022 859 3093; x_wconf 87' lang='lat' dir='ltr'><strong>[ci.</strong></span> <span class='ocrx_word' id='word_1_194' title='bbox 885 3023 1000 3077; x_wconf 85' lang='lat' dir='ltr'><strong>Hirzelii</strong></span> <span class='ocrx_word' id='word_1_195' title='bbox 1024 3019 1279 3087; x_wconf 88' lang='lat' dir='ltr'><strong>‘Untersuchungen</strong></span> <span class='ocrx_word' id='word_1_196' title='bbox 1306 3035 1340 3072; x_wconf 84' lang='lat' dir='ltr'><strong>zu</strong></span> <span class='ocrx_word' id='word_1_197' title='bbox 1365 3017 1476 3073; x_wconf 79' lang='lat' dir='ltr'><strong>Ciceros</strong></span> 
     </span>
     <span class='ocr_line' id='line_1_25' title="bbox 253 3110 752 3183; baseline 0.012 -20"><span class='ocrx_word' id='word_1_198' title='bbox 253 3110 351 3179; x_wconf 88' lang='lat' dir='ltr'><strong>philos.</strong></span> <span class='ocrx_word' id='word_1_199' title='bbox 370 3111 505 3167; x_wconf 86' lang='lat' dir='ltr'><strong>schriiten</strong></span> <span class='ocrx_word' id='word_1_200' title='bbox 522 3129 548 3181; x_wconf 91' lang='lat' dir='ltr'><strong>p.</strong></span> <span class='ocrx_word' id='word_1_201' title='bbox 571 3117 618 3168; x_wconf 85' lang='lat'><strong>141</strong></span> <span class='ocrx_word' id='word_1_202' title='bbox 640 3113 718 3183; x_wconf 86' lang='lat' dir='ltr'><strong>sqq.].</strong></span> <span class='ocrx_word' id='word_1_203' title='bbox 749 3125 752 3132; x_wconf 84' lang='grc'><em>·</em></span> 
     </span>
     <span class='ocr_line' id='line_1_26' title="bbox 324 3195 1473 3271; baseline -0.005 -16"><span class='ocrx_word' id='word_1_204' title='bbox 324 3199 362 3271; x_wconf 80' lang='lat'><strong>¹⁹)</strong></span> <span class='ocrx_word' id='word_1_205' title='bbox 379 3199 526 3271; x_wconf 85' lang='lat' dir='ltr'><strong>Nunquam</strong></span> <span class='ocrx_word' id='word_1_206' title='bbox 544 3201 582 3256; x_wconf 89' lang='lat' dir='ltr'><strong>de</strong></span> <span class='ocrx_word' id='word_1_207' title='bbox 601 3217 635 3256; x_wconf 85' lang='lat' dir='ltr'><strong>se</strong></span> <span class='ocrx_word' id='word_1_208' title='bbox 653 3202 728 3271; x_wconf 88' lang='lat' dir='ltr'><strong>ipso</strong></span> <span class='ocrx_word' id='word_1_209' title='bbox 747 3216 850 3256; x_wconf 84' lang='lat' dir='ltr'><strong>suove</strong></span> <span class='ocrx_word' id='word_1_210' title='bbox 869 3205 1023 3269; x_wconf 87' lang='lat' dir='ltr'><strong>tempore</strong></span> <span class='ocrx_word' id='word_1_211' title='bbox 1041 3197 1183 3254; x_wconf 82' lang='lat' dir='ltr'><strong>Laertium</strong></span> <span class='ocrx_word' id='word_1_212' title='bbox 1194 3196 1287 3251; x_wconf 86' lang='lat' dir='ltr'><strong>inveni</strong></span> <span class='ocrx_word' id='word_1_213' title='bbox 1305 3195 1473 3251; x_wconf 85' lang='lat' dir='ltr'><strong>mendaeem:</strong></span> 
     </span>
     <span class='ocr_line' id='line_1_27' title="bbox 251 3283 1473 3360; baseline -0.003 -17"><span class='ocrx_word' id='word_1_214' title='bbox 251 3289 433 3346; x_wconf 86' lang='lat' dir='ltr'><strong>doctrinae</strong></span> <span class='ocrx_word' id='word_1_215' title='bbox 452 3291 570 3360; x_wconf 85' lang='lat' dir='ltr'><strong>speeiem</strong></span> <span class='ocrx_word' id='word_1_216' title='bbox 589 3291 714 3346; x_wconf 86' lang='lat' dir='ltr'><strong>ementiri</strong></span> <span class='ocrx_word' id='word_1_217' title='bbox 732 3291 809 3346; x_wconf 88' lang='lat' dir='ltr'><strong>solet.</strong></span> <span class='ocrx_word' id='word_1_218' title='bbox 855 3289 908 3346; x_wconf 87' lang='lat' dir='ltr'><strong>Vel</strong></span> <span class='ocrx_word' id='word_1_219' title='bbox 926 3291 994 3346; x_wconf 87' lang='lat' dir='ltr'><strong>haee</strong></span> <span class='ocrx_word' id='word_1_220' title='bbox 1011 3289 1137 3344; x_wconf 87' lang='lat' dir='ltr'><strong>minuunt</strong></span> <span class='ocrx_word' id='word_1_221' title='bbox 1158 3286 1386 3342; x_wconf 81' lang='lat' dir='ltr'><strong>Nietascheanam</strong></span> <span class='ocrx_word' id='word_1_222' title='bbox 1415 3283 1473 3354; x_wconf 88' lang='lat' dir='ltr'><strong>opi·</strong></span> 
     </span>
     <span class='ocr_line' id='line_1_28' title="bbox 251 3378 760 3449; baseline 0.004 -17"><span class='ocrx_word' id='word_1_223' title='bbox 251 3378 389 3434; x_wconf 88' lang='lat' dir='ltr'><strong>nationem</strong></span> <span class='ocrx_word' id='word_1_224' title='bbox 406 3385 489 3449; x_wconf 90' lang='lat' dir='ltr'><strong>atque</strong></span> <span class='ocrx_word' id='word_1_225' title='bbox 508 3381 576 3437; x_wconf 92' lang='lat' dir='ltr'><strong>adeo</strong></span> <span class='ocrx_word' id='word_1_226' title='bbox 595 3380 760 3436; x_wconf 87' lang='lat' dir='ltr'><strong>convellunt.</strong></span> 
     </span>
     <span class='ocr_line' id='line_1_29' title="bbox 321 3462 1473 3543; baseline -0.004 -20"><span class='ocrx_word' id='word_1_227' title='bbox 321 3466 359 3538; x_wconf 74' lang='lat'><strong>²⁰)</strong></span> <span class='ocrx_word' id='word_1_228' title='bbox 376 3471 437 3538; x_wconf 75' lang='lat' dir='ltr'><strong>napi</strong></span> <span class='ocrx_word' id='word_1_229' title='bbox 460 3472 504 3536; x_wconf 73' lang='grc' dir='ltr'><strong>τῆς</strong></span> <span class='ocrx_word' id='word_1_230' title='bbox 526 3468 579 3524; x_wconf 86' lang='grc' dir='ltr'><strong><em>τῶν</em></strong></span> <span class='ocrx_word' id='word_1_231' title='bbox 600 3470 805 3542; x_wconf 73' lang='grc' dir='ltr'><strong><em>Ἀκαδημαϊκῶν</em></strong></span> <span class='ocrx_word' id='word_1_232' title='bbox 828 3471 896 3543; x_wconf 82' lang='grc' dir='ltr'><strong><em>πρὸς</em></strong></span> <span class='ocrx_word' id='word_1_233' title='bbox 920 3467 1055 3525; x_wconf 75' lang='grc' dir='ltr'><strong><em>Πλάτωνα</em></strong></span> <span class='ocrx_word' id='word_1_234' title='bbox 1079 3466 1243 3528; x_wconf 71' lang='grc' dir='ltr'><strong><em>διαστάσεως</em></strong></span> <span class='ocrx_word' id='word_1_235' title='bbox 1264 3463 1307 3520; x_wconf 87' lang='lat' dir='ltr'><strong>ed.</strong></span> <span class='ocrx_word' id='word_1_236' title='bbox 1331 3462 1473 3533; x_wconf 78' lang='lat' dir='ltr'><strong>Thadinga</strong></span> 
     </span>
     <span class='ocr_line' id='line_1_30' title="bbox 251 3553 1471 3631; baseline -0.002 -23"><span class='ocrx_word' id='word_1_237' title='bbox 251 3555 372 3626; x_wconf 85' lang='lat' dir='ltr'><strong>[Bonnae</strong></span> <span class='ocrx_word' id='word_1_238' title='bbox 393 3559 473 3628; x_wconf 83' lang='lat'>1875]</span> <span class='ocrx_word' id='word_1_239' title='bbox 493 3575 519 3627; x_wconf 87' lang='lat' dir='ltr'><strong>p.</strong></span> <span class='ocrx_word' id='word_1_240' title='bbox 539 3561 582 3629; x_wconf 77' lang='lat'><strong>29,</strong></span> <span class='ocrx_word' id='word_1_241' title='bbox 601 3562 617 3616; x_wconf 89' lang='lat'><strong>3</strong></span> <span class='ocrx_word' id='word_1_242' title='bbox 637 3576 707 3629; x_wconf 88' lang='lat' dir='ltr'><strong>sqq.:</strong></span> <span class='ocrx_word' id='word_1_243' title='bbox 727 3557 822 3631; x_wconf 80' lang='grc' dir='ltr'><strong><em>ὗττῆρξὲ</em></strong></span> <span class='ocrx_word' id='word_1_244' title='bbox 841 3581 867 3614; x_wconf 84' lang='grc' dir='ltr'><strong>τε</strong></span> <span class='ocrx_word' id='word_1_245' title='bbox 879 3561 908 3613; x_wconf 75' lang='grc' dir='ltr'><strong>ἐκ</strong></span> <span class='ocrx_word' id='word_1_246' title='bbox 920 3560 967 3614; x_wconf 80' lang='grc' dir='ltr'><strong>τοῦ</strong></span> <span class='ocrx_word' id='word_1_247' title='bbox 985 3560 1027 3613; x_wconf 73' lang='grc' dir='ltr'><strong>ἐπὶ</strong></span> <span class='ocrx_word' id='word_1_248' title='bbox 1039 3563 1164 3612; x_wconf 79' lang='grc' dir='ltr'><strong><em>πλεῖστον</em></strong></span> <span class='ocrx_word' id='word_1_249' title='bbox 1176 3561 1231 3616; x_wconf 85' lang='grc' dir='ltr'><strong><em>τοῖς</em></strong></span> <span class='ocrx_word' id='word_1_250' title='bbox 1242 3558 1381 3627; x_wconf 82' lang='grc' dir='ltr'><strong><em>μετέπειτα</em></strong></span> <span class='ocrx_word' id='word_1_251' title='bbox 1395 3553 1471 3607; x_wconf 80' lang='grc' dir='ltr'><strong><em>Ἐπι-</em></strong></span> 
     </span>
     <span class='ocr_line' id='line_1_31' title="bbox 248 3639 1471 3720; baseline -0.002 -22"><span class='ocrx_word' id='word_1_252' title='bbox 248 3650 377 3715; x_wconf 78' lang='grc' dir='ltr'><strong><em>κονρελοις</em></strong></span> <span class='ocrx_word' id='word_1_253' title='bbox 401 3647 466 3717; x_wconf 86' lang='grc' dir='ltr'><strong><em>μηδ’</em></strong></span> <span class='ocrx_word' id='word_1_254' title='bbox 489 3645 579 3710; x_wconf 66' lang='lat' dir='ltr'><strong>adroic</strong></span> <span class='ocrx_word' id='word_1_255' title='bbox 603 3653 684 3704; x_wconf 69' lang='grc' dir='ltr'><strong><em>εἰπεῖν</em></strong></span> <span class='ocrx_word' id='word_1_256' title='bbox 707 3671 750 3704; x_wconf 86' lang='grc' dir='ltr'><strong>ττω</strong></span> <span class='ocrx_word' id='word_1_257' title='bbox 769 3655 891 3704; x_wconf 73' lang='grc' dir='ltr'><strong><em>ἐναντίον</em></strong></span> <span class='ocrx_word' id='word_1_258' title='bbox 915 3648 981 3720; x_wconf 76' lang='grc' dir='ltr'><strong><em>[οὔτ’</em></strong></span> <span class='ocrx_word' id='word_1_259' title='bbox 1006 3644 1125 3716; x_wconf 68' lang='grc' dir='ltr'><strong><em>ἀλλήλοις</em></strong></span> <span class='ocrx_word' id='word_1_260' title='bbox 1148 3643 1200 3700; x_wconf 76' lang='grc' dir='ltr'><strong><em>οὔτ’</em></strong></span> <span class='ocrx_word' id='word_1_261' title='bbox 1220 3641 1373 3713; x_wconf 75' lang='grc' dir='ltr'><strong><em>Ἐπικούρῳ</em></strong></span> <span class='ocrx_word' id='word_1_262' title='bbox 1394 3639 1471 3695; x_wconf 79' lang='lat' dir='ltr'><strong>uncia</strong></span> 
     </span>
     <span class='ocr_line' id='line_1_32' title="bbox 229 3728 1469 3811; baseline -0.002 -27"><span class='ocrx_word' id='word_1_263' title='bbox 229 3731 360 3798; x_wconf 23' lang='lat' dir='ltr'><strong>&#39;inclusit</strong></span> <span class='ocrx_word' id='word_1_264' title='bbox 382 3733 620 3807; x_wconf 72' lang='lat' dir='ltr'><strong>Wilamowitzius]</strong></span> <span class='ocrx_word' id='word_1_265' title='bbox 649 3741 733 3810; x_wconf 73' lang='grc' dir='ltr'><strong><em>μηδὲν</em></strong></span> <span class='ocrx_word' id='word_1_266' title='bbox 760 3743 798 3800; x_wconf 71' lang='grc' dir='ltr'><strong>εἰς</strong></span> <span class='ocrx_word' id='word_1_267' title='bbox 824 3740 920 3811; x_wconf 76' lang='grc' dir='ltr'><strong><em>μηδέν,</em></strong></span> <span class='ocrx_word' id='word_1_268' title='bbox 949 3735 1010 3792; x_wconf 76' lang='lat' dir='ltr'><strong>iicon</strong></span> <span class='ocrx_word' id='word_1_269' title='bbox 1036 3736 1083 3791; x_wconf 82' lang='grc' dir='ltr'><strong><em>καλ</em></strong></span> <span class='ocrx_word' id='word_1_270' title='bbox 1108 3735 1264 3808; x_wconf 66' lang='grc' dir='ltr'><strong><em>μνησθῆναι</em></strong></span> <span class='ocrx_word' id='word_1_271' title='bbox 1287 3731 1375 3792; x_wconf 81' lang='grc' dir='ltr'><strong><em>ἄξιον·</em></strong></span> <span class='ocrx_word' id='word_1_272' title='bbox 1413 3728 1469 3782; x_wconf 79' lang='grc' dir='ltr'><strong><em>ἀλλ’</em></strong></span> 
     </span>
     <span class='ocr_line' id='line_1_33' title="bbox 246 3821 1469 3900; baseline 0.001 -27"><span class='ocrx_word' id='word_1_273' title='bbox 246 3822 318 3874; x_wconf 79' lang='grc' dir='ltr'><strong><em>ἐστιν</em></strong></span> <span class='ocrx_word' id='word_1_274' title='bbox 340 3821 432 3883; x_wconf 76' lang='grc' dir='ltr'><strong><em>αὐτοῖς</em></strong></span> <span class='ocrx_word' id='word_1_275' title='bbox 455 3825 649 3897; x_wconf 81' lang='grc' dir='ltr'><strong><em>παρανόμημα,</em></strong></span> <span class='ocrx_word' id='word_1_276' title='bbox 675 3829 777 3899; x_wconf 76' lang='grc' dir='ltr'><strong><em>μᾶλλον</em></strong></span> <span class='ocrx_word' id='word_1_277' title='bbox 801 3829 829 3881; x_wconf 86' lang='grc' dir='ltr'><strong>δ’</strong></span> <span class='ocrx_word' id='word_1_278' title='bbox 855 3827 983 3900; x_wconf 74' lang='grc' dir='ltr'><strong><em>ἀσέβημα,</em></strong></span> <span class='ocrx_word' id='word_1_279' title='bbox 1008 3828 1054 3881; x_wconf 82' lang='grc' dir='ltr'><strong><em>καὶ</em></strong></span> <span class='ocrx_word' id='word_1_280' title='bbox 1072 3829 1253 3896; x_wconf 80' lang='grc' dir='ltr'><strong><em>κατέγνωσται</em></strong></span> <span class='ocrx_word' id='word_1_281' title='bbox 1272 3821 1469 3892; x_wconf 81' lang='grc' dir='ltr'><strong><em>[προκατέγνω-</em></strong></span> 
     </span>
     <span class='ocr_line' id='line_1_34' title="bbox 247 3907 1468 3989; baseline 0 -26"><span class='ocrx_word' id='word_1_282' title='bbox 247 3927 307 3964; x_wconf 85' lang='grc' dir='ltr'><strong><em>σται</em></strong></span> <span class='ocrx_word' id='word_1_283' title='bbox 325 3910 394 3964; x_wconf 82' lang='lat' dir='ltr'><strong>eoni-</strong></span> <span class='ocrx_word' id='word_1_284' title='bbox 408 3911 643 3984; x_wconf 77' lang='lat' dir='ltr'><strong>Wilamowitzius]</strong></span> <span class='ocrx_word' id='word_1_285' title='bbox 663 3917 694 3972; x_wconf 86' lang='grc' dir='ltr'><strong>τὸ</strong></span> <span class='ocrx_word' id='word_1_286' title='bbox 711 3921 920 3989; x_wconf 75' lang='grc' dir='ltr'><strong><em>καινοτομηθέν·</em></strong></span> <span class='ocrx_word' id='word_1_287' title='bbox 943 3916 989 3972; x_wconf 81' lang='grc' dir='ltr'><strong>διὰ</strong></span> <span class='ocrx_word' id='word_1_288' title='bbox 1009 3917 1085 3972; x_wconf 73' lang='grc' dir='ltr'><strong><em>τοῦτο</em></strong></span> <span class='ocrx_word' id='word_1_289' title='bbox 1101 3913 1190 3975; x_wconf 78' lang='grc' dir='ltr'><strong><em>οὐδεὶς</em></strong></span> <span class='ocrx_word' id='word_1_290' title='bbox 1208 3912 1270 3968; x_wconf 76' lang='grc' dir='ltr'><strong><em>οὐδὲ</em></strong></span> <span class='ocrx_word' id='word_1_291' title='bbox 1288 3909 1382 3980; x_wconf 79' lang='grc' dir='ltr'><strong><em>τολμᾷ,</em></strong></span> <span class='ocrx_word' id='word_1_292' title='bbox 1400 3907 1468 3960; x_wconf 80' lang='grc' dir='ltr'><strong><em>κατὰ</em></strong></span> 
     </span>
     <span class='ocr_line' id='line_1_35' title="bbox 246 3998 1467 4078; baseline 0 -26"><span class='ocrx_word' id='word_1_293' title='bbox 246 3998 344 4065; x_wconf 75' lang='grc' dir='ltr'><strong><em>πολλὴν</em></strong></span> <span class='ocrx_word' id='word_1_294' title='bbox 362 4001 392 4054; x_wconf 81' lang='grc' dir='ltr'><strong>δὲ</strong></span> <span class='ocrx_word' id='word_1_295' title='bbox 411 3998 515 4070; x_wconf 73' lang='grc' dir='ltr'><strong><em>εἰρήνην</em></strong></span> <span class='ocrx_word' id='word_1_296' title='bbox 533 4003 622 4066; x_wconf 81' lang='grc' dir='ltr'><strong><em>αὐτοῖς</em></strong></span> <span class='ocrx_word' id='word_1_297' title='bbox 640 4005 732 4078; x_wconf 81' lang='grc' dir='ltr'><strong><em>ἠρεμεῖ</em></strong></span> <span class='ocrx_word' id='word_1_298' title='bbox 750 4007 782 4060; x_wconf 85' lang='grc' dir='ltr'><strong>τὰ</strong></span> <span class='ocrx_word' id='word_1_299' title='bbox 806 4005 930 4078; x_wconf 75' lang='grc' dir='ltr'><strong><em>δόγματα</em></strong></span> <span class='ocrx_word' id='word_1_300' title='bbox 949 4004 1000 4062; x_wconf 76' lang='grc' dir='ltr'><strong>ὑπὸ</strong></span> <span class='ocrx_word' id='word_1_301' title='bbox 1022 4008 1066 4074; x_wconf 74' lang='grc' dir='ltr'><strong>τῆς</strong></span> <span class='ocrx_word' id='word_1_302' title='bbox 1090 4009 1118 4059; x_wconf 70' lang='grc' dir='ltr'><strong><em>ἐν</em></strong></span> <span class='ocrx_word' id='word_1_303' title='bbox 1139 4001 1259 4070; x_wconf 75' lang='grc' dir='ltr'><strong><em>ἀλλήλοις</em></strong></span> <span class='ocrx_word' id='word_1_304' title='bbox 1276 4001 1380 4054; x_wconf 76' lang='lat' dir='ltr'><strong>deluere</strong></span> <span class='ocrx_word' id='word_1_305' title='bbox 1400 4017 1467 4068; x_wconf 88' lang='grc' dir='ltr'><strong><em>συμ-</em></strong></span> 
     </span>
     <span class='ocr_line' id='line_1_36' title="bbox 246 4087 1466 4167; baseline -0.002 -25"><span class='ocrx_word' id='word_1_306' title='bbox 246 4093 360 4158; x_wconf 72' lang='grc' dir='ltr'><strong><em>φωνίας·</em></strong></span> <span class='ocrx_word' id='word_1_307' title='bbox 384 4093 450 4144; x_wconf 80' lang='grc' dir='ltr'><strong><em>ἔοικέ</em></strong></span> <span class='ocrx_word' id='word_1_308' title='bbox 468 4111 494 4146; x_wconf 82' lang='grc' dir='ltr'><strong>τε</strong></span> <span class='ocrx_word' id='word_1_309' title='bbox 513 4089 701 4166; x_wconf 76' lang='grc' dir='ltr'><strong><em>ἡῈαικοὺρον</em></strong></span> <span class='ocrx_word' id='word_1_310' title='bbox 720 4097 842 4167; x_wconf 71' lang='grc' dir='ltr'><strong><em>διατριβὴ</em></strong></span> <span class='ocrx_word' id='word_1_311' title='bbox 861 4100 980 4167; x_wconf 65' lang='grc' dir='ltr'><strong><em>πολιτείᾳ</em></strong></span> <span class='ocrx_word' id='word_1_312' title='bbox 1002 4096 1054 4150; x_wconf 77' lang='grc' dir='ltr'><strong><em>τινὶ</em></strong></span> <span class='ocrx_word' id='word_1_313' title='bbox 1077 4093 1172 4162; x_wconf 71' lang='grc' dir='ltr'><strong>ἀληθεῖ</strong></span> <span class='ocrx_word' id='word_1_314' title='bbox 1194 4087 1392 4158; x_wconf 80' lang='grc' dir='ltr'><strong><em>ἀστασιαστδτγ,</em></strong></span> <span class='ocrx_word' id='word_1_315' title='bbox 1411 4105 1466 4140; x_wconf 88' lang='grc' dir='ltr'><strong><em>κοι-</em></strong></span> 
     </span>
     <span class='ocr_line' id='line_1_37' title="bbox 244 4177 1467 4258; baseline 0 -28"><span class='ocrx_word' id='word_1_316' title='bbox 244 4177 293 4231; x_wconf 83' lang='grc' dir='ltr'><strong>νὸν</strong></span> <span class='ocrx_word' id='word_1_317' title='bbox 311 4177 357 4230; x_wconf 73' lang='grc' dir='ltr'><strong>ἕνα</strong></span> <span class='ocrx_word' id='word_1_318' title='bbox 379 4177 443 4234; x_wconf 79' lang='grc' dir='ltr'><strong><em>νοῦν</em></strong></span> <span class='ocrx_word' id='word_1_319' title='bbox 460 4185 529 4251; x_wconf 76' lang='grc' dir='ltr'><strong><em>μίαν</em></strong></span> <span class='ocrx_word' id='word_1_320' title='bbox 551 4182 664 4254; x_wconf 82' lang='grc' dir='ltr'><strong><em>γνώμην</em></strong></span> <span class='ocrx_word' id='word_1_321' title='bbox 687 4184 789 4258; x_wconf 68' lang='grc' dir='ltr'><strong><em>ἐχούσῃ,</em></strong></span> <span class='ocrx_word' id='word_1_322' title='bbox 807 4187 855 4256; x_wconf 80' lang='grc' dir='ltr'><strong>ἀφ’</strong></span> <span class='ocrx_word' id='word_1_323' title='bbox 874 4179 903 4252; x_wconf 74' lang='grc' dir='ltr'><strong>ἧς</strong></span> <span class='ocrx_word' id='word_1_324' title='bbox 922 4181 989 4252; x_wconf 79' lang='grc' dir='ltr'><strong><em>ἦσαν</em></strong></span> <span class='ocrx_word' id='word_1_325' title='bbox 1011 4190 1059 4240; x_wconf 73' lang='grc' dir='ltr'><strong><em>καί</em></strong></span> <span class='ocrx_word' id='word_1_326' title='bbox 1076 4188 1129 4240; x_wconf 75' lang='lat' dir='ltr'><strong>einr</strong></span> <span class='ocrx_word' id='word_1_327' title='bbox 1145 4182 1192 4240; x_wconf 81' lang='grc' dir='ltr'><strong><em>καλ</em></strong></span> <span class='ocrx_word' id='word_1_328' title='bbox 1209 4178 1244 4242; x_wconf 76' lang='grc' dir='ltr'><strong>ὥς</strong></span> <span class='ocrx_word' id='word_1_329' title='bbox 1261 4184 1345 4234; x_wconf 77' lang='grc' dir='ltr'><strong><em>ἔοικεν</em></strong></span> <span class='ocrx_word' id='word_1_330' title='bbox 1363 4182 1467 4234; x_wconf 79' lang='grc' dir='ltr'><strong><em>ἔσονται</em></strong></span> 
     </span>
     <span class='ocr_line' id='line_1_38' title="bbox 244 4263 1466 4346; baseline -0.002 -24"><span class='ocrx_word' id='word_1_331' title='bbox 244 4264 444 4337; x_wconf 73' lang='grc' dir='ltr'><strong><em>γιλακόλοιιθοι·</em></strong></span> <span class='ocrx_word' id='word_1_332' title='bbox 467 4268 483 4340; x_wconf 82' lang='lat'>§</span> <span class='ocrx_word' id='word_1_333' title='bbox 500 4274 518 4326; x_wconf 86' lang='lat'>4</span> <span class='ocrx_word' id='word_1_334' title='bbox 536 4271 568 4324; x_wconf 79' lang='grc' dir='ltr'><strong>τὰ</strong></span> <span class='ocrx_word' id='word_1_335' title='bbox 587 4273 617 4326; x_wconf 79' lang='grc' dir='ltr'><strong>δὲ</strong></span> <span class='ocrx_word' id='word_1_336' title='bbox 635 4274 689 4330; x_wconf 80' lang='grc' dir='ltr'><strong><em>τῶν</em></strong></span> <span class='ocrx_word' id='word_1_337' title='bbox 706 4277 827 4330; x_wconf 69' lang='lat' dir='ltr'><strong>molada</strong></span> <span class='ocrx_word' id='word_1_338' title='bbox 844 4276 1022 4342; x_wconf 75' lang='grc' dir='ltr'><strong><em>ἔστασλασται,</em></strong></span> <span class='ocrx_word' id='word_1_339' title='bbox 1039 4273 1178 4346; x_wconf 78' lang='grc' dir='ltr'><strong><em>ἀρξάμενα</em></strong></span> <span class='ocrx_word' id='word_1_340' title='bbox 1196 4269 1250 4326; x_wconf 79' lang='grc' dir='ltr'><strong>ἀπὸ</strong></span> <span class='ocrx_word' id='word_1_341' title='bbox 1263 4271 1315 4324; x_wconf 84' lang='grc' dir='ltr'><strong><em>τῶν</em></strong></span> <span class='ocrx_word' id='word_1_342' title='bbox 1327 4263 1466 4340; x_wconf 78' lang='grc' dir='ltr'><strong><em>ἀρχόντων</em></strong></span> 
     </span>
     <span class='ocr_line' id='line_1_39' title="bbox 243 4357 814 4427; baseline 0.014 -17"><span class='ocrx_word' id='word_1_343' title='bbox 243 4357 288 4411; x_wconf 78' lang='grc' dir='ltr'><strong><em>καὶ</em></strong></span> <span class='ocrx_word' id='word_1_344' title='bbox 305 4359 416 4427; x_wconf 79' lang='grc' dir='ltr'><strong><em>μηδέπω</em></strong></span> <span class='ocrx_word' id='word_1_345' title='bbox 433 4358 591 4414; x_wconf 78' lang='grc' dir='ltr'><strong><em>τελευτῶντα</em></strong></span> <span class='ocrx_word' id='word_1_346' title='bbox 609 4363 665 4417; x_wconf 77' lang='grc' dir='ltr'><strong><em>κοιλ</em></strong></span> <span class='ocrx_word' id='word_1_347' title='bbox 684 4363 742 4418; x_wconf 81' lang='grc' dir='ltr'><strong>νῦν</strong></span> <span class='ocrx_word' id='word_1_348' title='bbox 760 4368 814 4418; x_wconf 80' lang='grc' dir='ltr'><strong><em>κτλ.</em></strong></span> 
     </span>
    </p>
   </div>
   <div class='ocr_carea' id='block_1_5' title="bbox 0 0 1762 5272">
    <p class='ocr_par' dir='ltr' id='par_1_5' title="bbox 0 0 1762 5272">
     <span class='ocr_line' id='line_1_40' title="bbox 0 0 1762 5272; baseline 0 9"><span class='ocrx_word' id='word_1_349' title='bbox 0 0 1762 5272; x_wconf 95' lang='lat' dir='ltr'><strong> </strong></span> 
     </span>
    </p>
   </div>
  </div>
 </body>
</html>
