3516 5272
1391 551 1431 615 65

296 727 441 813 Adposui
464 735 685 814 excerptorum
702 730 828 813 seriem,
853 715 916 815 qua
932 749 1073 797 summae
1090 730 1308 797 similitudinis
1323 723 1432 796 mone-

208 856 260 903 am
283 857 366 921 quae
389 839 453 904 nisi
488 839 725 904 excommunis
761 837 860 904 fontis
896 859 956 905 usu
984 839 1135 921 explicari
1169 839 1292 920 nequit.
1343 837 1437 904 Unde

207 945 338 1030 lactum,
360 951 397 1012 ut
413 946 508 1012 modo
524 947 576 1012 hic
591 946 686 1012 modo
702 947 757 1012 ille
773 948 916 1030 largiora
932 947 1082 1012 exhibeat
1096 946 1184 1012 velut
1201 947 1240 1010 de
1256 945 1436 1026 itineribus,

208 1053 395 1118 testimonia
418 1058 527 1148 tamen
551 1054 658 1118 omnia
681 1055 848 1136 Laertius,
881 1055 1037 1137 Apuleius
1067 1054 1108 1119 ad
1137 1071 1190 1134 ea,
1220 1071 1302 1135 quae
1334 1052 1438 1128 adhuc

210 1159 451 1242 exscripsimus,
488 1160 620 1226 nullum.
685 1161 768 1227 Ecce
804 1163 990 1228 testimonia
1019 1160 1203 1226 doctissimo
1232 1159 1280 1224 illi
1315 1149 1438 1225 auctori

209 1267 334 1332 debita:

255 1373 431 1438 Alexandri
453 1373 666 1456 Polyhistoris
974 1374 1012 1440 ἐν
1035 1373 1204 1456 διαδοχαῖς

257 1479 468 1545 Anaxilaidtte
972 1481 1045 1568 περὶ
1067 1479 1259 1567 ῳιλοσὸῳων

256 1586 495 1668 Apollodori
519 1587 573 1670 [de
589 1587 735 1653 Platonis
758 1589 810 1652 die
833 1588 949 1672 111111]
973 1587 1010 1653 ἐν
1032 1598 1191 1673 χρονικοῖς

257 1692 403 1759 clearchi
974 1695 1010 1760 ἐν
1032 1695 1077 1782 τῷ
1101 1691 1277 1767 Πλάτωνος
1299 1691 1441 1778 ἐγκωμίῳ

256 1800 447 1866 Dicaearchi
976 1801 1050 1887 περὶ
1072 1805 1152 1881 βίον

259 1905 475 1991 [Hagesandri
974 1905 1012 1972 ἐν
1033 1905 1254 1993 ὑπομνήμασι]

259 2013 404 2080 Platonis
974 2013 1010 2078 ἓν
1027 2011 1255 2101 Ἀντερασταῖς

261 2119 433 2202 Speusippi
975 2121 1011 2184 ἐν
1035 2117 1210 2194 Πλάτωνος
1231 2115 1428 2203 περιδείπνῳ

260 2225 429 2308 Thrasylli.

305 2333 374 2398 Iam
400 2333 565 2399 videamus
596 2349 679 2414 quae
709 2333 750 2398 ad
778 2337 905 2416 tempus
943 2339 976 2400 et
1009 2353 1125 2399 nomen
1154 2332 1295 2399 auctoris
1325 2330 1443 2396 lucrati

216 2455 325 2504 sunus.

308 2549 335 2610 l.
360 2546 436 2612 Fuit
465 2545 521 2610 ille
545 2549 619 2626 post
643 2544 846 2630 Thrasyllum
870 2546 989 2612 Tiberii
1019 2565 1171 2612 coaevum
1199 2551 1332 2611 111111
1356 2544 1443 2626 Apu-

216 2653 312 2718 leium
338 2653 378 2736 [c.
406 2652 493 2736 160]⁸

306 2763 338 2825 2.
362 2758 596 2842 Apollodori
625 2758 664 2823 de
694 2758 839 2824 Platonis
874 2759 926 2824 die
955 2758 1057 2823 natali
1091 2759 1310 2824 testimonium
1346 2777 1444 2838 supra

218 2868 345 2932 ostendi
361 2867 405 2950 [p.
418 2866 475 2951 46]
489 2886 528 2932 ex
537 2865 800 2948 homonymorum
813 2867 1059 2931 Laertianorum
1073 2867 1230 2947 scriptore
1242 2865 1443 2946 provenisse3

217 2980 389 3056 utrumque
424 2975 466 3038 ad
500 2974 651 3040 Favorini
686 2955 784 3040 vitam
819 2973 964 3039 Platonis
997 2974 1031 3039 in
1066 2973 1255 3054 omnigenae
1288 2971 1445 3036 historiae

218 3087 330 3148 octavo
354 3081 438 3159 libro
462 3079 514 3164 [11.
540 3081 648 3147 Laert.
665 3080 713 3146 lll
736 3080 793 3164 24]
817 3081 1012 3162 descriptam
1036 3097 1094 3144 nos
1117 3079 1265 3160 remittit,
1289 3078 1351 3143 hcc
1374 3096 1446 3142 eum

217 3187 414 3255 necessitate
439 3189 534 3270 cogit

309 3297 339 3361 3.
365 3295 456 3361 Adde
480 3295 566 3377 qnod
589 3294 708 3360 ibidem
731 3293 771 3358 de
796 3293 1014 3361 Charmandro
1031 3293 1176 3360 Platonis
1193 3297 1380 3359 accusatore
1405 3291 1446 3358 ad

216 3402 305 3468 illam
329 3403 450 3469 diserte
474 3403 522 3468 ita
544 3402 745 3484 provocarit,
778 3407 814 3466 ut
843 3420 973 3467 causam
1001 3403 1214 3468 accusationis
1243 3406 1341 3483 atque
1365 3400 1445 3466 adeo

218 3511 439 3593 captivitatem
468 3513 637 3575 enarrasse
669 3509 845 3576 censendus
875 3510 918 3574 sit
941 3508 979 3574 11.
1004 3510 1053 3576 ΠΙ
1078 3512 1117 3574 19
1148 3505 1295 3584 κάκεῖνος
1318 3507 1446 3594 [Pollis]

217 3613 350 3696 ἀγαγών
374 3611 475 3681 αὐτὸν
498 3618 542 3690 εἰς
559 3616 703 3698 Αἴγιναν
727 3614 941 3701 ἐπίπρασκεν·
965 3614 1016 3680 ὅτε
1039 3616 1093 3678 καὶ
1115 3614 1337 3705 Χάρμανδρος
1358 3619 1446 3702 Χαρ-

218 3723 398 3808 μανδρίδου
426 3720 593 3809 ἐγράψατο
622 3718 711 3810 αὐτῷ
741 3723 831 3808 δίκην
859 3721 1011 3788 θανάτου
1039 3721 1122 3786 κατὰ
1150 3722 1211 3787 τὸν
1237 3724 1315 3810 παρ’
1338 3723 1449 3796 αὐτοῖς

218 3834 358 3895 τεθέντα
386 3828 490 3914 νόμον
518 3831 574 3893 τὸν
602 3830 729 3915 πρῶτον
752 3827 915 3912 ἐπιβάντα
934 3829 1125 3916 Ἀθηναίων
1146 3838 1184 3919 τῇ
1208 3827 1292 3917 νήσῳ
1316 3829 1447 3915 ἄκριτον

222 3933 463 4023 ἀποθνήσκειν·
488 3932 528 4021 ἦν
552 3937 582 3999 δ’
604 3933 702 4012 αὐτὸς
724 3935 741 4000 ὃ
762 3939 834 4012 θεὶς
850 3936 906 4003 τὸν
922 3939 1036 4023 νόμον,
1060 3937 1172 4002 καθά
1196 3956 1288 4024 φησι
1313 3940 1447 4019 Φαβω-

224 4107 438 4120 -n——n——n—

222 4221 276 4278 ὅτι
298 4225 355 4278 καὶ
380 4224 420 4296 τῷ
443 4227 654 4295 πρεσβυτέρῳ
673 4228 840 4293 Διονυσίῳ
861 4224 1111 4296 συγγενόμενος
1135 4223 1379 4288 ἐκινδύνευσεν,
1403 4224 1448 4285 δὶς

221 4316 250 4368 dl
278 4314 343 4385 πρὸς
367 4315 414 4368 τὸν
440 4314 569 4384 νεώτερον
591 4313 738 4368 Διονύσιον.
775 4313 878 4366 Locum
897 4312 1108 4368 Wilamowitzio
1131 4319 1270 4381 acceptum
1294 4311 1394 4368 refero.
1413 4345 1445 4352 -

222 4403 351 4458 Ceterum
369 4403 471 4471 Apulei
489 4410 518 4458 et
530 4402 636 4458 Laertii
655 4401 689 4455 de
708 4401 814 4469 primo
833 4400 932 4456 itinere
944 4403 1165 4458 narratiunculae
1179 4402 1349 4470 Hagesandri
1367 4404 1446 4458 redo·

224 4499 273 4546 ent
294 4492 466 4559 κακοήθειαν.

274 4579 387 4633 Philolog.
396 4579 595 4634 Unteranehnngon
605 4579 645 4621 111.
1249 4583 1265 4636 5
