3516 5272
312 493 352 558 18

308 669 370 755 μὲν
392 665 453 733 οὖν
476 665 654 732 σπουδαίου
675 661 789 732 οὐδέν·
814 666 855 730 τὰ
878 664 915 729 δὲ
935 664 1047 748 βιβλία
1062 663 1163 732 αὐτοῦ
1178 665 1302 732 πολλοῦ
1316 664 1535 744 καταγέλωτος

309 778 398 858 γέμει
431 778 486 838 καί
519 797 550 838 τι
583 776 658 839 ἴσον
690 781 756 848 τοῖς
790 770 982 860 Μελεάγρου
1016 769 1074 838 τοῦ
1108 775 1177 837 κατ’
1209 769 1310 840 αὐτὸν
1347 775 1531 856 γενομένου.

271 893 277 902 ’
355 883 526 964 Menippus
560 882 717 964 Meleagri
750 880 895 964 aequalis
928 881 1098 948 inducitur.
1156 882 1201 947 At
1235 881 1291 946 ille
1328 900 1352 946 c.
1379 882 1444 946 250
1478 879 1531 963 [cl.

310 990 493 1056 NIetzschei
517 1009 623 1072 progr.
650 1009 682 1070 p.
707 990 749 1054 98
767 988 850 1072 sqq.]
874 989 968 1069 vixit,
994 988 1150 1070 Meleagri
1180 991 1328 1054 senectus
1351 988 1385 1052 in
1409 986 1533 1052 Seleuci

311 1097 416 1163 ultimi
439 1115 573 1178 regnum
597 1094 700 1178 [93-
716 1113 741 1161 c.
761 1096 817 1179 80]
840 1093 1011 1176 incidit.¹¹)
1052 1096 1174 1177 Aperta
1198 1099 1249 1160 est
1271 1092 1454 1172 difficultas
1475 1111 1534 1157 nec

310 1205 427 1269 mirum
451 1203 537 1285 quod
560 1203 593 1266 in
618 1203 762 1267 diversas
787 1203 890 1268 critici
914 1203 1064 1267 abierunt
1087 1203 1296 1282 conlecturas
1322 1219 1392 1265 cum
1408 1199 1448 1264 de
1466 1217 1535 1264 cor-

310 1311 438 1392 ruptela
463 1309 689 1374 consentirent.
727 1309 861 1374 Missum
884 1308 966 1375 facio
983 1327 1054 1374 curn
1069 1308 1294 1374 Nietzscheum
1319 1309 1392 1369 ‘aot
1415 1304 1534 1370 αὐτοῦ

309 1419 484 1499 γενομένου
508 1417 677 1481 κυνικοῦ’
704 1416 897 1483 scribentem
922 1417 1014 1499 [mus.
1040 1415 1129 1480 rhen.
1146 1415 1253 1481 XXIV
1274 1434 1306 1496 p.
1327 1415 1398 1477 192.
1423 1431 1532 1494 progr.

310 1543 341 1606 p.
360 1522 418 1606 32]
434 1527 502 1588 tum
520 1527 699 1588 ceterorum
718 1520 876 1606 1ηἼτεοε
892 1523 1073 1587 conamina:
1091 1522 1240 1587 evellitur
1256 1521 1434 1602 scrupulus,
1459 1519 1534 1584 dum

310 1649 351 1694 ne
382 1631 598 1695 coniecturam
631 1629 825 1711 pericliteris
854 1630 911 1694 sed
945 1629 1255 1710 interpretationem.
1311 1628 1394 1705 Quid
1429 1626 1534 1692 enim?

312 1734 346 1800 Si
369 1736 467 1801 verba
489 1735 611 1800 Dioclis
634 1755 735 1818 usque
760 1737 801 1800 ad
825 1736 981 1817 Meleagri
1011 1736 1198 1801 memoriam
1227 1735 1274 1798 ita
1298 1735 1532 1813 continuantur,

310 1846 348 1907 ut
370 1843 411 1906 ad
434 1843 579 1909 Dioclem
609 1842 720 1908 infelix
748 1843 828 1907 illud
859 1843 939 1906 ‘aar’
971 1838 1081 1908 αὐτόν’
1112 1842 1282 1922 referatur,
1311 1859 1416 1908 nonne
1441 1858 1534 1922 expe·

311 1949 443 2015 diuntur
467 1951 593 2015 omnia?
627 1951 757 2016 Diocles
781 1969 851 2016 cum
875 1951 1060 2031 scripsisset
1084 1946 1138 2012 ‘cd
1167 1949 1203 2012 δὲ
1226 1948 1335 2030 βιβλία
1359 1951 1534 2013 Μενίππου

311 2054 436 2121 πολλοῦ
464 2057 681 2136 καταγέλωτος
709 2061 797 2142 γέμει
825 2061 880 2121 καί
908 2078 938 2120 τι
961 2059 1033 2121 ἴσον
1061 2068 1128 2130 τοῖς
1152 2054 1347 2140 Μελεάγρου
1375 2057 1433 2119 τοῦ
1456 2056 1535 2117 καθ’

310 2163 395 2247 ἡμᾶς
409 2160 658 2247 peroptatam),
683 2163 831 2229 Laertius
852 2164 932 2229 illud
955 2164 1034 2226 καθ’
1060 2161 1141 2248 ἡμᾶς
1162 2167 1283 2227 temere
1299 2163 1332 2226 in
1348 2163 1417 2226 κατ’
1437 2157 1535 2226 αὐτὸν

311 2271 556 2335 transmutando
585 2270 655 2351 ipse
685 2271 838 2352 corrupit.
897 2271 1018 2336 Tantae
1047 2271 1212 2336 socordiae
1241 2270 1359 2336 similia
1386 2273 1536 2350 prostant

312 2377 467 2458 exempla.
478 2373 517 2460 1³)
533 2413 577 2424 --
592 2376 622 2442 U
661 2395 817 2442 summam
832 2377 957 2459 fedam,
975 2378 1132 2459 Meleagri
1155 2378 1254 2442 vitam
1269 2375 1398 2442 Diocles
1415 2376 1534 2456 attigit.

313 2483 405 2561 Quod
429 2502 498 2548 cum
521 2484 630 2565 priore
648 2489 762 2549 nostra
777 2485 903 2549 ratione
918 2485 1000 2549 bene
1022 2485 1194 2566 conspirat,
1219 2484 1313 2548 modo
1329 2485 1362 2547 in
1380 2482 1536 2562 Meleagri

313 2595 512 2656 senectutem
536 2591 754 2657 adulescentia
777 2592 897 2656 Dioclis
921 2592 1079 2657 Inciderit.

402 2699 431 2761 4.
457 2697 500 2762 Et
521 2697 602 2762 illud
625 2699 754 2780 quidem
778 2703 830 2763 sat
848 2699 986 2764 dilucide
1010 2700 1080 2780 ipse
1096 2697 1297 2778 Meleager
1321 2696 1353 2760 in
1378 2694 1534 2760 ‘coronae'

313 2803 513 2885 praefatione
536 2804 700 2885 professus
725 2810 788 2870 est:

424 2914 546 2975 Μοῦσα
569 2912 662 2997 φίλη,
686 2917 749 2977 τίνι
771 2910 866 2998 τήνδε
889 2914 996 3000 φέρεις
1018 2907 1215 2998 πάγκαρπον
1238 2905 1371 2996 δοιδηνς

469 3019 488 3102 ἢ
511 3022 557 3094 τίς
579 3017 597 3084 ὃ
619 3025 674 3084 κοιλ
697 3020 807 3100 τεύξας
830 3003 1221 3106 ὑμνοθετᾶνστέφανον;

425 3125 524 3191 ἄνυσε
545 3129 606 3209 μὲν
623 3111 827 3217 Μελέαγρος,
847 3123 1027 3219 κᾶριζοέλῳ
1048 3127 1092 3191 δὲ
1116 3124 1280 3192 Διοκλεῖ

468 3231 682 3316 μναμόσυνον
704 3233 824 3302 ταύταν
847 3233 1019 3320 ἐξεπόνησε
1041 3231 1145 3321 χάρνν.

384 3371 474 3443 11)οί.
498 3373 582 3428 schol.
610 3375 713 3429 anthol.
737 3391 763 3444 p.
788 3377 822 3432 82
850 3375 893 3430 ἐπὶ
920 3373 1048 3429 Σελεύκου
1076 3373 1123 3427 τοῦ
1150 3369 1260 3443 ἐσχάτου
1284 3369 1436 3442 [93-8012
1460 3367 1538 3423 cuius

314 3459 396 3516 fidem
413 3461 559 3518 Jacobsins
579 3461 692 3534 [anthol.
710 3479 750 3533 gr.
769 3463 808 3519 VI
827 3467 860 3520 37
881 3461 950 3534 εσυ]
971 3462 1027 3516 suis
1046 3461 1180 3530 computIs
1202 3459 1398 3530 comprobavit

386 3534 437 3621 111’)
454 3551 501 3606 τοῦ
519 3554 565 3606 καὶ
583 3551 662 3607 αὐτοῦ
680 3554 789 3608 κυνικοῦ
810 3557 956 3625 γενομένου
974 3551 1118 3606 Heckerus
1142 3549 1248 3622 [philol.
1265 3549 1289 3604 V
1308 3549 1380 3619 4341.

387 3638 424 3710 ¹²)
443 3639 548 3694 Eodem
566 3641 647 3695 modo
667 3643 766 3697 Strabo
786 3658 867 3711 saepe
888 3658 911 3696 e.
929 3659 969 3712 gr.
987 3658 1013 3710 p.
1032 3643 1098 3696 759:
1117 3643 1188 3694 ἔκιε
1206 3641 1259 3694 τῶν
1273 3637 1404 3709 Γαδάρων
1421 3633 1538 3702 Φιλόδη-

315 3726 367 3800 μός
385 3748 412 3784 τε
430 3726 444 3783 ὅ
462 3729 637 3801 Επτκοδρετος
656 3732 700 3785 καλ
718 3731 897 3804 ὁΜελέαγρος
915 3727 928 3786 ὁ
951 3733 1154 3802 σπουδογέλοιος
1175 3730 1221 3783 καὶ
1242 3725 1416 3798 Θεόδωρος
1435 3723 1448 3780 ὁ
1466 3726 1539 3780 καθ’

315 3817 401 3888 ἡμᾶς
418 3818 532 3890 ῥήτωρ.
551 3851 585 3860 -
603 3820 681 3874 Hanc
700 3820 955 3890 interpretationem
974 3826 1002 3874 et
1021 3817 1245 3875 Wilamowitqus
1264 3821 1292 3871 et
1310 3831 1360 3884 ego
1379 3814 1539 3871 invenimus.

386 3905 423 3975 15)
441 3905 532 3962 Unum
550 3905 668 3962 sufficiet
680 3907 748 3963 VIII
761 3911 795 3964 90
814 3925 848 3964 ex
867 3910 925 3964 vita
936 3907 1046 3964 Eudoxi
1065 3912 1213 3976 sumptum:

351 3995 378 4065 a)
403 3995 531 4067 γεγόνασι
550 3996 579 4050 δὲ
591 3996 706 4059 Εὔδοξοι
724 4004 806 4070 τρεῖς·
825 3996 904 4058 αὐτὸς
923 3992 1011 4059 οὗτος·
1030 3997 1115 4068 ἕτερος
1130 3993 1230 4056 Ῥόδιος
1248 3997 1366 4064 ἱστορίας
1384 3991 1539 4065 γεγραφώς·

404 4089 492 4156 τρίτος
510 4086 719 4153 Σικελιώτης...
738 4092 816 4148 νίκας
839 4085 905 4142 ἑλών
927 4085 1040 4148 ἀστικὰς
1063 4087 1115 4158 μὲν
1138 4091 1215 4157 τρεῖς,
1241 4082 1374 4150 Ληναϊκὰς
1400 4083 1430 4136 δι’
1455 4085 1539 4150 πέντε,

404 4173 603 4244 nuscanum
623 4173 865 4247 Ἀπολλόδωρος
888 4179 921 4230 ἐν
940 4179 1132 4247 Χρονικοῖς.
1510 4165 1514 4174 ’

350 4255 382 4326 b)
407 4253 566 4331 εὑρίσκομεν
585 4260 614 4314 δὲ
632 4261 678 4314 καὶ
695 4260 775 4315 ἄλλον
794 4260 886 4331 ἰατρὸν
903 4261 1028 4324 Κνίδιον,
1053 4261 1114 4329 περὶ
1133 4251 1165 4312 οὗ
1184 4275 1265 4328 φησιν
1279 4254 1427 4317 Εὔδοξος
1445 4257 1474 4310 ἰν
1492 4253 1541 4326 γῆς

404 4341 583 4414 περιόδῳ...

352 4427 378 4496 ο)
406 4423 472 4481 ὅδὲ
491 4428 589 4490 αὐτὸς
609 4428 680 4499 [scil.
698 4429 883 4500 Apollodorus
902 4429 1139 4498 chronographus]
1160 4448 1224 4498 φησι
1241 4427 1300 4481 τὸν
1314 4429 1460 4480 κνίδιον
1478 4423 1540 4478 Εὕ-

406 4514 506 4573 dator
523 4513 726 4592 [γῆςμεριόδου
745 4515 920 4585 scriptorem]
941 4513 1065 4585 ἀκμάσαι
1082 4517 1135 4568 κτλ.
1157 4510 1201 4583 [cf.
1220 4528 1247 4581 p.
1266 4513 1301 4567 43
1319 4510 1390 4581 sqq·]
