3516 5272
311 505 353 570 60

309 682 365 762 sic,
389 686 426 747 ut
449 700 520 747 cum
543 679 672 745 Laertio
701 696 855 744 summam
879 676 996 759 produt
1019 671 1278 757 adfinitatem⁶⁵).
1318 676 1387 759 Age
1410 681 1531 744 utrum-

309 807 371 871 que
396 806 627 871 οοιοροοοιπιιι,
651 791 690 853 ut
711 786 867 852 reddatur
889 783 984 850 facile
1007 789 1129 850 rectum
1152 783 1317 850 indicium:

512 909 687 980 Apuleius
916 907 920 994 J
1157 905 1319 961 Laertius

307 1055 383 1138 I[p.
400 1055 451 1136 63,
465 1057 484 1118 2
499 1055 628 1138 [toldu]
645 1051 787 1118 Plutoni
801 1051 892 1116 lubt-
946 1049 1038 1114 HI4
1073 1043 1131 1133 ἀφ’
1163 1044 1200 1114 οὗ
1236 1049 1438 1135 [Ἀρίστωνος
1472 1053 1532 1116 τοό

307 1162 387 1226 tudo
406 1159 554 1246 corporis
569 1165 818 1245 cognomentum
839 1159 891 1222 c'e-
947 1155 1144 1239 παλαιστοό]
1168 1156 1223 1219 καί
1240 1155 1381 1222 Πλάτων
1399 1155 1457 1218 διά
1473 1151 1531 1241 τὴν

306 1266 366 1342 elit,
404 1287 547 1352 nomque
576 1264 757 1332 Aristocles
787 1262 892 1350 prcus
947 1259 1077 1340 εὐεξίαν
1089 1259 1532 1348 μετωνομάσθη..πράτερον

306 1378 355 1438 est
375 1370 578 1438 nominatus.
940 1367 1145 1457 Ἀριστοκλῆς
1191 1364 1258 1433 άπὸ
1296 1376 1354 1435 τοῦ
1392 1369 1532 1435 πάππου

946 1475 1154 1559 καλούμενος,
1184 1475 1277 1540 καθά
1306 1493 1403 1562 φησιν
1427 1473 1531 1541 Ἀλί-

946 1582 1111 1668 ξανδρος
1134 1582 1175 1646 ἐν
1198 1582 1427 1666 διαδοχαῖς·

306 1692 357 1758 Ei
382 1691 499 1757 Aristo
516 1691 636 1776 fuisse
659 1697 758 1778 peter
784 1689 892 1755 dictus
946 1689 1033 1755 1111
1061 1686 1203 1755 Πλάτων
1241 1686 1434 1776 Ἀρίστωνος
1479 1691 1533 1755 καί

306 1806 361 1865 cst.
399 1802 548 1865 Ceterum
563 1797 752 1864 Perictione
769 1797 895 1864 Glauci
949 1795 1152 1884 Περικτιόνης
1193 1792 1213 1881 ἢ
1251 1794 1400 1882 Ποτάνης
1429 1794 1532 1884 Ἀδη-

306 1905 380 1976 filio
402 1911 508 1970 meter
524 1903 609 1990 fuit
636 1910 668 1969 et
692 1905 731 1969 cle
753 1911 893 1991 utroque
947 1913 1039 1978 ναίος
1055 1953 1062 1968 .
1078 1954 1085 1968 .
1104 1903 1185 1988 φασὶ
1201 1903 1237 1966 δὲ
1253 1905 1307 1968 καὶ
1327 1901 1385 1971 τόν
1406 1909 1531 1989 πατέρα

306 2011 461 2078 nobilitas
504 2010 588 2076 sotis
631 2011 733 2077 claro.
799 2012 892 2076 Nurn
947 2005 1050 2074 αότοό
1077 2005 1213 2090 ἀνάγειν
1242 2013 1288 2085 είς
1316 2011 1440 2099 Κόδρον
1473 2011 1532 2077 τόν

305 2117 423 2184 Aristo
451 2124 550 2204 peter
577 2126 642 2205 per
674 2120 818 2184 Codrum
852 2119 892 2182 ab
950 2115 1150 2194 Μελάνθου,
1180 2124 1294 2192 οίτινες
1321 2114 1387 2182 άπὸ
1413 2122 1532 2184 Ποσει-

307 2224 377 2312 ipso
399 2226 556 2311 Neptuno
582 2223 750 2310 originem
776 2222 888 2298 duxit,
947 2223 1051 2299 δάνος
1078 2221 1281 2310 ἱστοροῦνται
1308 2227 1404 2288 κατά
1429 2223 1532 2314 Θρά-

305 2354 326 2396 α
349 2331 468 2399 Solone
494 2329 737 2417 sapientiesirno
764 2329 829 2417 qni
847 2331 892 2396 le·
947 2331 1068 2397 συλον
1159 2327 1227 2416 ἥτις
1248 2333 1285 2396 τό
1309 2335 1399 2412 γένος
1415 2328 1532 2419 όνίῳε·

301 2458 388 2523 gum
411 2437 604 2503 Atticorum
614 2436 790 2520 fundator
809 2436 894 2520 suit
947 2461 1001 2525 ρεν
1024 2440 1068 2513 είς
1091 2436 1244 2504 Σόλωνα·

305 2548 479 2609 παίονται
492 2543 664 2610 deuinctus
676 2549 725 2608 est
736 2543 890 2630 sanguis.

305 2649 398 2718 Sunt
416 2651 480 2737 qui
499 2652 672 2717 Plutonem
695 2651 892 2736 augustiore
946 2649 1200 2726 Σπεύσιππος
1226 2651 1254 2716 δ
1291 2649 1332 2716 lu
1365 2654 1414 2740 τῷ
1445 2652 1532 2717 ἐπι-

305 2764 459 2843 conccptu
475 2764 653 2845 prosatum
674 2755 796 2832 dicunt,
815 2779 891 2822 curn
945 2762 1177 2846 γραφομένῳ
1196 2759 1401 2836 Πλάτωνος
1422 2784 1531 2846 περι-

305 2863 438 2949 quldcrn
455 2862 627 2951 Apollinis
637 2862 811 2951 figuratio
827 2865 890 2929 Pe·
946 2866 1094 2952 δείπνῳ
1114 2865 1181 2928 καί
1201 2865 1400 2951 Κλέαρχος
1419 2865 1461 2933 ἐν
1483 2869 1533 2954 τῷ

306 2969 714 3037 νττίιοπαιετπιοοαιζωεί.
948 2971 1159 3046 Πλάτωνος
1200 2969 1425 3060 ἐγκωμίῳ“)
1468 2973 1532 3038 καί

939 3075 1223 3163 Ἀναξιλαίδης
1240 3075 1282 3142 ἐν
1296 3084 1346 3165 τῷ
1365 3078 1531 3167 δευτέρῳ

944 3190 1033 3272 περὶ
1072 3184 1303 3270 φιλοσόφων
1337 3189 1452 3270 φασίν,
1489 3185 1531 3263 ως

938 3287 1118 3375 Ἀθήνησιν
1129 3286 1169 3374 ἦν
1180 3290 1283 3373 λόγος,
1292 3289 1418 3379 ὡραίαν
1427 3289 1530 3359 οὖσαν

943 3395 1002 3480 τήν
1030 3396 1241 3484 Περικτιόνην
1273 3398 1447 3481 βιάζεσθαι
1475 3399 1532 3463 τὸν

937 3499 1117 3588 Ἀρίστωνα
1145 3501 1264 3589 καὶμὴ
1288 3503 1528 3586 ἐπιτυγχάνειν·

943 3606 1133 3692 παυόμενον
1148 3611 1186 3674 δὲ
1207 3613 1265 3694 τῆς
1283 3613 1358 3693 βίας
1375 3611 1460 3676 λδείν
1474 3613 1531 3698 τὴν

943 3719 1000 3781 τοῦ
1018 3711 1227 3792 ’Λπόλλωνος
1249 3717 1345 3803 ὄψιν,
1370 3715 1454 3784 ὅθεν
1476 3743 1530 3783 κα-

944 3822 1060 3907 θαράν
1087 3819 1194 3907 γάμου
1222 3822 1366 3910 φυλάξαι
1393 3828 1450 3901 ίως
1477 3817 1541 3910 τῆς

943 3927 1165 4018 ἀποκυήσεως·

304 4075 517 4084 *—

376 4160 414 4231 65)
431 4159 578 4230 Apuleium
601 4160 704 4216 scholia
724 4160 754 4215 in
772 4161 913 4217 Lucanum
931 4161 957 4216 X
979 4164 1028 4218 180
1048 4162 1164 4233 [Vseuer
1181 4180 1208 4233 p.
1222 4165 1272 4220 321
1293 4164 1364 4236 equ]
1383 4169 1411 4220 et
1430 4163 1529 4219 Iohan-

304 4266 352 4305 nes
372 4249 580 4305 Serisberiensis
599 4263 769 4319 excerpsere.

306 4385 311 4398 ,
376 4339 413 4410 66)
433 4339 462 4394 Ο.
481 4340 527 4395 Fr.
545 4339 684 4394 Hermann
702 4339 869 4409 transposuit
887 4340 982 4395 titulos
995 4340 1166 4403 Σπεύσιππος
1183 4345 1213 4395 ἐν
1231 4342 1267 4412 τῷ
1281 4341 1425 4401 Πλάτωνος
1444 4344 1527 4411 ἐγκω-

304 4435 360 4501 μίῳ
378 4432 424 4483 καί
436 4432 571 4501 Κλέαρχος
589 4432 617 4482 ίν
629 4430 666 4499 τῷ
677 4432 885 4501 ίπκγραῳομίνῳ
897 4430 1042 4492 Πλάτωνος
1059 4431 1223 4501 περιδείπνῳ
1241 4430 1349 4485 conlato
1362 4429 1395 4484 D.
1405 4429 1436 4484 L.
1446 4427 1493 4485 IV·
1502 4431 1529 4486 5.
