3506 5272
515 677 556 744 V.
581 677 633 744 Do
658 677 790 744 ceteris
813 677 983 746 Favorini
1005 679 1263 762 biographicir.

364 821 436 887 Non
473 820 684 902 philosophos
723 825 849 887 tantum
887 841 998 887 verum
1036 822 1134 886 etiam
1173 822 1310 886 aliorum
1347 822 1502 887 nobilium

274 929 462 996 memoriam
484 929 659 994 recoluisse
682 928 896 1010 biographum
919 929 1127 994 Laertianum
1156 947 1226 993 cum
1255 929 1311 993 alii
1339 934 1502 995 testantur

275 1043 344 1102 tum
366 1037 430 1118 ipsi
454 1035 629 1100 ostendunt
651 1036 913 1118 homonymorum
938 1036 1069 1100 indices.
1119 1036 1239 1114 Quodsi
1261 1041 1329 1100 tam
1352 1036 1501 1119 frequens
1608 1021 1613 1032 ’

276 1148 409 1225 superat
424 1140 689 1224 philosophorum
712 1144 877 1224 memoria,
904 1148 936 1209 et
958 1161 1061 1224 prona
1086 1148 1136 1207 est
1159 1144 1342 1208 coniectura
1359 1150 1392 1209 et
1406 1145 1502 1227 plane

275 1247 459 1315 necessaria
482 1247 681 1330 aliquantum
706 1249 804 1314 etiam
828 1249 868 1314 de
892 1250 1009 1314 ceteris
1033 1255 1174 1314 aetatem
1198 1251 1327 1332 tulisse,
1357 1251 1501 1316 simodo

276 1358 386 1439 potest
408 1354 576 1436 repperiri.
625 1354 712 1420 Talis
740 1374 816 1421 vero
848 1355 1030 1438 disquisitio
1060 1360 1093 1421 et
1120 1356 1293 1421 moliminis
1322 1357 1429 1438 magui
1453 1361 1503 1421 est

277 1467 311 1528 et
333 1461 477 1544 periculi.
524 1461 607 1525 Nam
630 1462 853 1543 persequenda
876 1480 952 1525 rara
976 1466 1051 1526 sunt
1074 1462 1212 1542 vestigia
1234 1481 1338 1544 neque
1362 1481 1400 1526 ea
1424 1463 1503 1527 satis

278 1587 444 1652 expressa,
481 1568 631 1651 quoniam
660 1572 748 1632 certa
777 1568 818 1632 ad
847 1587 929 1650 quae
957 1567 1014 1631 illa
1043 1567 1211 1648 exigantur
1240 1569 1329 1633 nulla
1356 1573 1505 1649 prostant

277 1676 467 1758 fragmenta.
520 1674 570 1739 Ab
598 1673 760 1757 Hesychio
791 1675 969 1741 exeundum
1003 1679 1091 1756 puto.
1145 1676 1188 1740 Et
1216 1675 1255 1739 de
1287 1675 1348 1739 hoc
1376 1675 1504 1757 quidem

278 1783 317 1848 D.
343 1782 563 1848 Volkmannus
586 1800 670 1874 cum
703 1781 742 1846 de
777 1782 900 1846 Laertii
935 1787 969 1847 et
1004 1781 1121 1846 Suidae
1157 1799 1277 1845 conexu
1313 1780 1503 1863 disputaret,

278 1889 431 1956 nonnulla
456 1889 603 1970 exposuit
626 1907 717 1969 vera,
747 1889 812 1953 alia
841 1888 954 1969 dubia,
988 1889 1108 1970 partim
1137 1893 1249 1971 aperte
1279 1888 1370 1953 falsa.
1416 1888 1505 1953 Haec

279 1998 358 2064 mihi
381 2001 476 2062 erunt
499 2001 556 2061 aut
579 1996 770 2077 corrigenda
793 2001 850 2061 aut
872 1996 1086 2078 reprobanda.

370 2105 526 2182 Quoniam
548 2103 728 2186 Hesychius
756 2108 794 2167 ut
822 2103 888 2168 dixi
913 2103 970 2168 ubi
992 2102 1257 2184 philosophorum
1280 2101 1399 2166 ibidem
1423 2102 1505 2166 vitas

280 2218 460 2277 ceterorum
477 2229 557 2293 quos
580 2211 703 2292 recepit
726 2229 829 2292 paene
846 2210 987 2274 omnium
1011 2210 1132 2275 invenit
1156 2213 1334 2288 enarratas,
1358 2209 1505 2290 potuit,

280 2319 309 2384 si
324 2337 392 2383 rem
408 2337 467 2399 per
483 2336 518 2383 se
531 2316 632 2381 solam
644 2321 837 2399 spectamus,
854 2322 985 2398 praeter
996 2317 1123 2382 Aelium
1133 2317 1322 2399 Dionysium
1338 2312 1508 2400 [μουσικήν

282 2422 439 2510 ἱστορίαι]
480 2422 692 2520 Hermippum
731 2423 896 2504 Berytium
940 2423 1027 2508 [περὶ
1073 2421 1138 2486 τῶν
1177 2423 1432 2509 διαπριψάυσων
1472 2424 1508 2488 ἒν

282 2531 418 2611 παιδείᾳ
442 2525 585 2613 δούλων]
608 2529 775 2594 Philonem
797 2528 946 2612 Byblium
970 2529 1057 2615 [περὶ
1081 2529 1211 2594 πόλεων
1236 2529 1292 2592 καὶ
1318 2530 1373 2604 οὓς
1396 2528 1509 2616 ἑκάστη

284 2633 392 2702 αὐτῶν
427 2633 576 2714 ἐνδόξους
610 2636 742 2721 ἤνεγκεν
774 2635 811 2701 cf.
844 2637 881 2702 E.
910 2635 1023 2701 Rohde
1060 2637 1161 2701 ‘Philo
1199 2656 1261 2702 von
1293 2636 1413 2718 Byblus
1445 2637 1510 2702 und

283 2743 462 2827 Hesychius
491 2762 553 2809 von
576 2743 678 2807 Milet’
709 2762 788 2809 mus.
813 2743 903 2808 rheu.
928 2744 1064 2809 XXXIV
1087 2764 1118 2826 p.
1138 2745 1200 2807 561
1231 2743 1314 2828 squ]
1344 2745 1509 2810 consulere

285 2851 487 2933 omnigenam
510 2851 661 2916 Favorini
684 2849 862 2916 historiam.
910 2851 952 2916 Et
976 2851 1144 2917 consuluit.

378 2960 405 3022 1.
430 2958 572 3023 Primum
596 2963 819 3039 argumentum
842 2995 886 3004 -
909 2977 1102 3040 quamquam
1126 2959 1168 3024 ad
1190 2976 1259 3022 rem
1281 2958 1377 3038 plane
1392 2959 1511 3023 discer-

285 3065 424 3131 nendam
439 3083 641 3146 nequaquam
654 3070 765 3146 aptum
784 3103 823 3110 —
841 3065 915 3130 inde
931 3065 1143 3147 repetendum
1159 3071 1218 3146 est,
1236 3066 1321 3147 quod
1338 3067 1511 3147 scriptores

286 3172 445 3238 Favorino
470 3170 558 3236 soliti
574 3171 607 3235 in
625 3171 689 3236 illis
705 3172 780 3237 vitis
796 3173 942 3252 redeunt,
966 3172 1054 3236 velut
1069 3173 1265 3254 Hermippus
1273 3171 1327 3257 124)
1351 3171 1511 3256 Duris¹²⁵)

287 3280 372 3344 Ister
381 3274 435 3362 ¹²⁶)
465 3278 650 3342 Demetrius
681 3274 889 3362 Magnes¹²⁷).
937 3279 1056 3343 Tamen
1094 3283 1131 3343 ut
1165 3279 1231 3344 dixi
1266 3279 1345 3344 haec
1373 3279 1512 3346 nondum

288 3385 460 3452 sufficiunt.

378 3495 407 3558 2.
432 3494 552 3559 Verum
575 3491 723 3572 quotiens
746 3490 878 3572 probari
900 3494 1009 3572 potest
1032 3509 1072 3556 ex
1094 3491 1356 3573 homonymorum
1385 3512 1513 3574 promp-

290 3601 396 3666 tuario
412 3597 606 3680 Hesychium
623 3597 807 3679 sumpsisse,
825 3596 927 3679 digito
950 3598 1044 3679 quasi
1060 3604 1328 3665 commonstretur
1345 3600 1515 3682 omnigena

290 3736 501 3753 ,--...-..

364 3799 415 3881 iat)
433 3809 509 3865 Suid.
528 3825 550 3864 s.
567 3824 593 3863 1.
612 3813 740 3868 ψίλισκος
759 3847 786 3860 ..
805 3809 870 3862 κατὰ
890 3811 919 3864 δι’
931 3807 1125 3881 Ἕρμιππον
1142 3814 1301 3872 Στίλπωνος.

363 3899 415 3970 ¹²⁵)
433 3915 454 3954 s.
473 3916 498 3952 1.
517 3897 654 3959 Πανύασις
673 3937 700 3950 ..
718 3899 836 3969 Δοῦρις
855 3900 883 3953 δὲ
898 3903 1034 3962 Διοκλέους
1051 3920 1076 3954 τε
1094 3902 1180 3953 παῖδα
1194 3899 1349 3973 ἀνέγραψεν
1367 3904 1418 3953 κτλ.

365 3987 417 4058 ¹2⁶]
434 4005 455 4042 s.
475 4005 500 4042 1.
519 3989 621 4059 opum
639 3986 803 4058 ..Ἴστρος
822 3990 852 4043 δε
871 3988 985 4059 Λέσβιόν
1004 4008 1085 4060 φησιν
1103 3992 1155 4044 κτλ.

363 4076 414 4148 ¹²⁷)
432 4093 453 4131 s.
472 4094 496 4130 v.
516 4081 686 4154 Δημοσθένης
704 4076 774 4130 conl.
793 4077 970 4146 Pseudoplut.
989 4094 1015 4147 p.
1036 4081 1086 4134 281
1106 4077 1252 4134 Westerm.

294 4204 322 4219 ..
341 4165 490 4236 ἐπεθύμησε
509 4166 539 4218 δὲ
558 4166 692 4236 ῥητορικῆς
713 4169 875 4235 Καλλίστρα-
931 4205 958 4220 ..
977 4165 1012 4229 ὥς
1047 4170 1076 4222 δὲ
1106 4166 1292 4239 Δημήτριος
1325 4163 1338 4219 ὅ
1371 4165 1515 4236 Μάγνης,

341 4275 386 4310 κον
405 4253 573 4326 θεασάμενος
591 4254 634 4308 cdv
654 4254 755 4325 ῥήτορα.
979 4254 1072 4322 ἐδεήθη
1089 4257 1134 4309 τοῦ
1152 4256 1336 4326 παιδαγωγοῦ,
1355 4257 1400 4307 ἵνα
1419 4257 1516 4307 Καλλι-

981 4343 1088 4414 στράτου
1107 4343 1212 4416 ἀκούσῃ.
