3506 5272
1383 482 1424 545 89

308 661 431 716 Clemens
449 661 527 716 Alex.
546 659 645 715 Strom.
660 658 682 712 I.
816 661 820 742 Ι
1021 657 1148 711 Laertius
1165 656 1241 712 VIII.

204 794 235 856 p.
250 773 314 838 304
327 766 413 835 dale
430 770 487 836 τὸν
500 775 562 855 μὲν
576 765 789 858 ἀρχαιότατον
814 755 817 844 l
842 769 861 851 §
879 769 929 835 13.
959 763 1069 850 ἀμέλει
1098 771 1152 830 καὶ
1185 767 1297 851 βωμόν
1330 785 1427 853 προσ-

204 876 315 963 βωμὸν
336 876 389 944 ,ἓν
429 875 525 966 Δήλῳ
564 875 665 957 ἁγνὸν
705 879 788 943 εἶναι
843 877 977 960 πονῆσαι
1015 871 1117 960 μόνον
1155 873 1191 938 ἐν
1232 869 1326 958 Δήλῳ
1368 869 1427 937 τόν

204 986 433 1072 τεθρυλήκασι,
471 985 552 1072 πρός
585 983 624 1051 όν
656 989 710 1048 καλ
746 989 786 1050 Π.
836 977 1042 1056 ’Λπόλλωνος
1071 982 1127 1044 τοῦ
1158 977 1361 1064 γεννήτορας,
1391 979 1426 1056 ὃς

205 1093 407 1178 προσελθεῖν
429 1110 509 1177 φασι
533 1091 625 1180 φόνῳ
647 1092 700 1156 καὶ
723 1097 787 1157 θα·
843 1089 930 1154 ἐστιν
969 1089 1113 1154 ὄπισθεν
1150 1091 1207 1153 τοῦ
1245 1089 1427 1172 Κερατίνου

206 1200 293 1288 νότῳ
316 1198 358 1286 μὴ
383 1203 569 1285 μιανθέντα
592 1201 657 1266 κτλ.
843 1193 899 1261 did
926 1193 962 1262 τό
995 1198 1115 1281 πυροός
1143 1199 1198 1259 καὶ
1225 1194 1344 1281 κριθὰς
1371 1194 1427 1256 καὶ

844 1303 983 1369 πόπανα
1033 1304 1120 1387 μόνα
1171 1305 1328 1367 τίθεσθαι
1377 1299 1429 1364 ἐπ’

845 1407 944 1476 αὐτοῦ
977 1411 1056 1476 ἄνευ
1091 1409 1203 1498 πυρός,
1240 1407 1355 1496 ἱερεῖον
1392 1406 1429 1472 δὲ

844 1517 954 1605 μηδέν,
978 1514 1019 1593 ὥς
1042 1535 1139 1604 φησιν
1155 1513 1430 1603 Ἀριστοτέλης

845 1626 881 1692 ἒν
906 1625 1036 1712 Δηλίων
1058 1625 1217 1705 πολιτείᾳ.

297 1734 368 1800 Non
392 1753 472 1816 opus
501 1739 551 1799 cst
578 1733 699 1800 verbis:
725 1743 840 1816 sponte
869 1753 903 1799 se
933 1731 1038 1798 obfert
1066 1732 1246 1814 ‘omnigena
1272 1729 1428 1795 hletoria’.

161 1899 163 1903 ,
209 1844 299 1923 Quod
321 1842 484 1925 hucusque
508 1847 579 1908 erat
602 1842 635 1907 in
651 1842 842 1925 suspicione,
865 1842 899 1906 id
921 1841 986 1906 iam
1001 1840 1122 1922 liquido
1138 1842 1265 1905 constat
1279 1838 1431 1903 uberiora

207 1951 346 2017 vitarum
385 1950 573 2032 corpuscula
610 1950 824 2016 Favoriniana
861 1948 961 2016 luisse
1000 1967 1094 2030 quam
1129 1946 1317 2011 Laertiana:
1357 1943 1431 2010 hInc

209 2057 388 2142 gravissimi
413 2057 532 2124 erroris
556 2061 773 2140 coarguuntur
796 2058 851 2140 qui
872 2077 910 2123 eu
925 2054 1046 2122 Laertii
1070 2053 1238 2120 silentIo
1262 2053 1431 2137 quicquam

210 2166 411 2233 concludunt.
544 2164 546 2169 ’

594 2487 626 2544 b.
646 2487 691 2543 lle
709 2486 841 2558 Apuleio
860 2487 892 2544 ot
910 2486 1048 2544 Laertio.

298 2632 452 2714 Apuleius
480 2629 666 2697 floridorum
693 2630 753 2695 XV
787 2650 897 2697 eorum
933 2631 1114 2713 impugnat
1135 2631 1341 2712 sententiam,
1377 2631 1433 2714 qui

209 2744 349 2805 statuam
372 2738 464 2820 pueri
484 2736 648 2802 delicatuli
663 2737 843 2819 Polycratis
858 2738 1074 2820 Pythagoram
1091 2738 1231 2804 Samium
1255 2721 1432 2820 exprimere

209 2848 385 2911 autument.
432 2844 622 2926 Argumenti
645 2863 770 2909 summa
792 2845 825 2908 in
850 2863 887 2910 eo
912 2845 975 2910 sita
998 2849 1063 2934 est,
1093 2845 1178 2926 quod
1206 2845 1247 2909 de
1273 2844 1434 2910 industria

208 2952 409 3035 Polycratem
447 2950 657 3033 philosophus
695 2938 914 3017 declinaverit.
973 2951 1114 3035 Cumque
1152 2952 1200 3016 ita
1237 2951 1278 3016 ad
1315 2951 1433 3016 itinera

208 3059 412 3142 Pythagorae
435 3057 631 3138 devenisset,
664 3077 710 3122 ex
732 3057 888 3123 Laertii
911 3057 1127 3141 biographo
1152 3058 1324 3143 [Favorino
1348 3057 1430 3142 scil]

209 3201 251 3214 —
290 3165 324 3230 id
363 3163 448 3248 quod
487 3165 597 3229 statIm
636 3164 807 3247 adparebit
845 3202 887 3212 -
925 3164 1024 3231 hanc
1046 3165 1217 3248 explicavit
1254 3141 1432 3231 doctrinam

210 3274 228 3357 §
245 3275 286 3338 55
311 3292 397 3357 sqq.:

1044 3380 1047 3460 l
1140 3376 1267 3432 Laertius
1285 3376 1353 3431 VIII

214 3492 377 3556 ‘Ceterum
407 3488 553 3554 multum
580 3488 667 3552 abest
687 3487 729 3552 P.
751 3484 945 3574 philosophi
969 3493 1034 3554 sta·
1222 3559 1229 3572 .

209 3604 303 3662 tuam
325 3617 401 3670 esse,
426 3594 503 3660 licet
522 3601 607 3660 uatu
628 3592 772 3676 Samius
1063 3489 1336 3693 'Hermmpus
1370 3559 1388 3642 ἕ
1414 3562 1429 3623 l

210 3709 243 3769 et
249 3700 484 3789 pulcritudine
494 3699 648 3789 adprime
660 3699 811 3786 ausiquis
824 3706 857 3766 et
864 3700 1038 3787 psallendi
1100 3718 1381 3803 [Dicaearchus
1392 3717 1430 3783 cf,

210 3807 419 3896 musicaeque
439 3807 550 3874 amuis
571 3807 676 3873 multo
697 3807 906 3874 doctissimus
1062 3703 1079 3908 Ι
1143 3826 1298 3909 p0rphyn
1334 3825 1432 3910 513]

210 3939 248 3982 aa
262 3917 380 4003 ferme
406 3914 446 3981 id
469 3914 559 3990 aeui,
588 3938 653 4002 quo
680 3916 868 4002 Polycrates
893 3915 1034 3983 Samum

209 4023 404 4110 patrebatur.
449 4023 516 4091 Sed
536 4023 798 4108 haudquaquam
817 4021 1035 4110 philosophus

211 4136 356 4217 lyrauuo
377 4128 516 4196 dilectus
536 4135 603 4204 est,·

213 4236 334 4324 quippe
362 4257 398 4303 ee
427 4237 630 4304 commodum
658 4235 835 4302 dominari
858 4259 932 4303 orso
955 4244 1034 4324 pro·
1062 4241 1078 4498 ρ
1370 4239 1432 4320 §3

1275 3463 1432 3472 -——-.·-.-

211 4342 311 4430 fugit
330 4365 375 4410 ex
396 4341 512 4409 ausula
534 4342 684 4410 clanculo
706 4345 748 4409 P.
1099 4326 1370 4410 [AFISIOXOBUS
1394 4328 1431 4394 cf.

1143 4415 1297 4498 Porphyr.
1357 4418 1376 4500 ἕ
1399 4418 1433 4503 9]
