3516 5272
1414 489 1455 552 75

446 660 611 722 Laertius
842 658 846 748 l
961 661 1153 730 Anonymus
1169 678 1195 729 p.
1215 665 1241 729 6,
1263 663 1294 716 19
1314 677 1373 729 sqq.

233 780 293 841 cori
331 779 456 863 πατρὸς
499 774 602 846 αὐτοῦ
643 775 725 862 μετὰ
762 781 819 842 καὶ
872 777 953 862 μετὰ
976 779 1033 842 καὶ
1056 777 1167 842 ἄλλων
1188 777 1363 863 κληρούχου
1378 797 1457 860 πεμ-

234 882 345 952 auur
367 888 577 967 πεμφθέντος
599 881 783 970 κληρούχου.
873 887 1019 968 pomer
1047 883 1083 948 dv
1109 889 1145 974 τῇ
1163 886 1283 971 Αἰγίνῃ
1307 881 1370 949 ὑπὸ
1393 885 1458 948 τῶν

399 1053 401 1060 ,
867 987 1067 1078 Ἀθηναίων.

235 1091 429 1158 Favorinum
452 1111 523 1158 esse
548 1093 771 1175 ‘biographum
795 1094 886 1159 illum
911 1094 1117 1161 communem’
1143 1099 1291 1175 apertum
1315 1098 1373 1158 est.

325 1200 438 1265 Altera
460 1205 569 1265 manet
592 1202 739 1282 quaestio
764 1201 840 1283 quid
865 1201 905 1265 de
928 1201 969 1265 iis
993 1218 1075 1282 quae
1096 1218 1154 1266 nec
1170 1201 1332 1282 Diogenes
1355 1218 1458 1282 neque

134 1361 137 1367 ,
237 1305 390 1386 Apuleius
418 1305 669 1388 praebeant-
698 1312 773 1373 sunt
801 1308 885 1374 enim
914 1308 999 1373 haud
1027 1308 1210 1389 spernenda
1236 1345 1282 1356 -
1308 1308 1352 1372 sit
1376 1307 1458 1372 iudi-

237 1412 382 1478 candum.
429 1413 476 1478 Ac
498 1414 636 1494 primum
660 1415 789 1495 quidem
812 1415 970 1480 somnium
993 1415 1138 1480 Platonis
1167 1415 1261 1480 simul
1285 1433 1356 1480 cum
1379 1415 1459 1480 Sim·

236 1519 320 1584 miae
348 1520 503 1586 Socratici
541 1521 811 1603 interpretatione
839 1542 870 1603 p.
903 1525 932 1603 6,
963 1524 1004 1588 37
1040 1528 1210 1605 parentum
1245 1524 1278 1587 in
1307 1523 1459 1604 Hymetto

238 1625 429 1694 sacrificium
452 1647 483 1709 p.
511 1630 540 1709 6,
566 1630 608 1694 29
640 1625 693 1716 [ci.
723 1629 893 1694 Aelianum
916 1631 946 1694 X
970 1633 1022 1696 21.
1058 1630 1129 1696 Vel.
1161 1630 1244 1694 Max.
1275 1630 1323 1694 IlI
1348 1631 1367 1693 6
1390 1627 1458 1717 fin]

237 1733 300 1800 dno
317 1733 476 1816 Apollinis
500 1735 640 1816 oracula,
664 1756 727 1819 quo
752 1738 930 1802 sciscitanti
954 1738 1121 1819 respondit
1139 1738 1191 1803 dei
1214 1739 1317 1802 instar
1341 1738 1461 1802 animo·

237 1861 371 1924 rumque
400 1843 556 1910 medicum
585 1861 656 1910 esse
679 1844 856 1924 Platonem,
887 1845 967 1909 nihil
995 1845 1130 1925 impedit
1156 1845 1325 1926 quominus
1349 1845 1460 1909 eodem

188 2014 194 2028 ,
238 1947 429 2016 referantur.
487 1950 569 2018 Item
600 1971 682 2034 quae
711 1953 751 2018 de
779 1953 941 2018 Draconte
977 1953 1098 2018 musico
1126 1952 1271 2017 Platonis
1305 1952 1461 2032 magistro

237 2057 278 2123 de
302 2057 431 2124 Timaeo
467 2059 595 2141 dialogo
630 2079 670 2125 ex
699 2061 821 2126 Timaei
848 2060 931 2124 libro
966 2061 1180 2141 transscripto
1216 2055 1267 2145 [cf.
1298 2059 1461 2123 Timonem

239 2164 324 2245 apud
349 2165 486 2231 Gellium
511 2165 639 2256 11117]
669 2168 708 2233 de
739 2169 791 2233 die
820 2163 928 2232 natali
950 2167 990 2231 ab
1019 2166 1269 2232 Atheniensibus
1301 2165 1462 2231 celebrato

239 2272 278 2337 de
301 2272 398 2338 rebus
421 2273 462 2340 ab
486 2294 524 2340 eo
548 2277 688 2341 inventis
704 2277 856 2359 leguntur
871 2313 915 2326 -—
930 2294 1004 2340 nam
1021 2276 1055 2340 L.
1073 2275 1192 2340 verba
1208 2274 1405 2338 solummodo
1430 2279 1463 2338 et

238 2398 336 2449 unum
363 2381 546 2448 litterarum
570 2402 671 2465 genus
694 2380 731 2447 τὸ
755 2379 943 2460 διαλογικόν
966 2382 1167 2448 enumeravit
1191 2417 1236 2429 --
1258 2380 1311 2444 vix
1334 2379 1461 2445 aliunde

239 2486 383 2552 subiecta
407 2493 490 2553 sunt.
539 2489 797 2572 Theophrastum
820 2507 892 2555 cum
915 2494 1012 2554 antea
1035 2489 1206 2571 Tyrtamus
1229 2493 1399 2552 uocaretur
1423 2487 1463 2551 ab

238 2593 414 2658 Aristotele
443 2596 483 2660 ob
512 2601 613 2660 θείαν
635 2593 758 2682 φράσιν
785 2615 902 2662 nomen
932 2614 1023 2661 suum
1051 2597 1214 2677 accepisse
1242 2595 1374 2658 tametsi
1399 2613 1462 2658 non

239 2698 272 2761 in
288 2697 434 2766 Platonis
458 2702 526 2768 uita
548 2708 584 2768 at
606 2704 640 2768 in
657 2703 900 2785 Theophrastea
923 2721 986 2785 quo
1002 2703 1096 2768 unice
1111 2702 1251 2785 quadrat
1265 2701 1463 2782 biographus

239 2805 432 2889 Laertianus
456 2805 498 2895 [V
522 2809 578 2893 38]
608 2816 812 2890 narraverat;
843 2812 928 2875 idem
956 2811 996 2875 de
1019 2810 1155 2875 Platone
1185 2809 1327 2874 Socratis
1355 2806 1464 2872 defen·
1525 2889 1528 2894 ,

240 2931 313 2979 sore
337 2914 364 2978 si
388 2933 452 2980 non
475 2916 507 2981 in
531 2917 598 2982 vita
613 2917 759 2982 Platonis
782 2955 827 2964 -
849 2922 959 2983 tacent
982 2917 1066 2982 enim
1083 2916 1237 2998 Apuleius
1260 2919 1293 2979 et
1314 2914 1463 2980 Laertius

239 3057 284 3068 -
300 3026 388 3090 certe
404 3021 437 3086 in
454 3021 596 3088 Socratis
611 3024 680 3090 vita
695 3025 823 3089 dixerat
839 3025 1012 3089 secundum
1027 3024 1178 3088 Iustum
1195 3022 1464 3087 'ribariensem

239 3127 398 3199 Hadriani
432 3130 600 3212 aequalem
637 3128 688 3218 [cl.
719 3132 827 3196 Laert.
859 3131 890 3196 Π
919 3133 971 3196 20.
1015 3131 1094 3212 Bp.
1122 3134 1151 3209 7,
1180 3130 1233 3194 23.
1278 3127 1401 3209 Olymp.
1431 3128 1465 3191 in

241 3234 394 3317 Gorgiam
420 3255 450 3318 p.
476 3233 566 3324 392}
614 3237 685 3302 Duo
709 3243 881 3319 praetcrea
905 3238 1046 3302 Timonis
1069 3235 1283 3318 misanthropi
1306 3234 1465 3315 epigram-

241 3347 329 3406 mata
352 3342 551 3425 Porphyrius
580 3349 636 3408 aut
667 3363 706 3408 ex
732 3343 885 3410 Favorini
911 3345 979 3409 vita
1007 3343 1150 3409 Timonis
1175 3341 1227 3430 [cl.
1253 3342 1389 3406 indicem
1414 3341 1465 3405 Ti·

240 3447 384 3537 monum]
407 3456 466 3516 ant
488 3470 528 3518 ex
552 3451 739 3532 anthologia
763 3447 837 3538 [Vll
861 3449 1005 3538 60-62]
1030 3451 1177 3533 sumpsit.

330 3559 494 3624 Hactenus
518 3558 558 3623 de
581 3558 769 3641 Porphyrio.
1280 3559 1283 3566 '

333 3666 363 3729 4.
388 3666 560 3750 Porphyrii
584 3685 645 3748 ope
668 3685 707 3730 ex
724 3665 917 3731 Laertiadae
940 3667 1027 3731 vitae
1051 3666 1220 3750 particulis
1244 3669 1342 3733 antea
1364 3665 1465 3728 incer·

242 3773 286 3838 tis
310 3771 362 3857 [cf.
387 3789 418 3854 p.
445 3773 501 3858 66]
525 3771 683 3839 Favorino
707 3771 800 3837 reddi
823 3777 960 3854 possunt
1021 3771 1026 3778 ‘

286 3899 319 3961 p.
345 3883 396 3960 69,
422 3882 554 3946 20-24
576 3879 665 3946 Mors
689 3879 910 3962 [Hermippus
935 3879 1115 3962 Neanthes]
1138 3879 1212 3959 Bp.
1239 3882 1269 3957 9,
1295 3879 1347 3941 22.

421 3988 553 4054 42-44
577 3987 701 4051 Nomen
724 3985 928 4070 [Neantbesl.
1189 4025 1192 4031 ,

288 4115 319 4176 p.
346 4099 398 4176 70,
422 4098 552 4162 32-41
578 4095 752 4162 Academia
775 4093 932 4177 [Eupolis
958 4093 1063 4176 Timo]
1135 4093 1162 4156 Β
1176 4111 1208 4174 p.
1234 4094 1265 4171 8,
1293 4093 1343 4156 11.

287 4223 319 4285 p.
346 4204 398 4283 73,
445 4206 552 4268 8-11
579 4201 755 4284 Sophronis
778 4201 921 4267 studium
1235 4200 1342 4277 7,10.

288 4331 319 4393 p.
347 4314 399 4392 77,
426 4312 467 4376 15
485 4317 553 4394 sqq.
580 4311 658 4376 Gum
682 4309 814 4376 Socrate
837 4309 1007 4374 inimicitia
1235 4307 1265 4385 7,
1290 4305 1343 4368 31.

289 4439 320 4502 p.
347 4422 401 4502 79,
423 4421 466 4484 38
485 4437 555 4500 sqq.
579 4417 709 4500 Dialogi
732 4417 886 4482 inventio.
1237 4413 1267 4493 9,
1294 4413 1345 4476 17.
