3516 5272
327 485 369 550 58

326 662 494 745 quisquam
517 661 667 728 haereret
694 663 819 728 addidit
843 663 1046 748 Περίανδρος
1068 663 1168 750 σοφὸς
1190 663 1253 748 μὲν
1279 665 1319 752 ἦν
1341 668 1409 751 μετ’
1433 661 1551 748 ὀλίγων

325 765 480 854 τύραννος
509 769 545 834 δὲ
573 769 655 855 pascal
685 770 834 834 πολλῶν·
864 766 1071 856 ἀμφότερα
1106 771 1149 836 δὲ
1177 778 1244 836 καὶ
1272 771 1461 859 τύραννος
1488 775 1551 838 καὶ

326 873 452 960 σοφὸς
473 874 603 959 μόνος.
643 877 766 943 Laertii
790 882 902 942 auctor
926 879 1103 944 cumidem
1127 879 1300 946 defenditl
1324 883 1365 946 98
1389 900 1457 964 sqq.
1482 888 1552 948 tum

326 983 464 1048 omnium
490 989 648 1067 quotquot
671 984 825 1051 extabant
849 985 989 1068 conlegit
1012 988 1197 1053 testimonia
1214 988 1353 1054 Sotionis
1368 989 1550 1055 Heraclidis

325 1093 438 1159 Lembi
465 1090 742 1178 Pamphilae⁶³)
767 1093 924 1159 Neanthis
948 1094 1134 1160 Aristotelis
1158 1095 1317 1161 Platonis:
1348 1102 1440 1178 patet
1466 1115 1550 1162 nunc

324 1201 358 1265 ni
380 1200 476 1267 fallor
499 1201 687 1267 concordiae
711 1201 810 1283 origo.

542 1467 603 1534 IV.
640 1467 692 1533 lle
715 1465 885 1534 Favorini
909 1466 995 1534 vitis
1018 1466 1328 1552 philosophorum.

414 1627 537 1692 Novam
559 1632 686 1692 tuemur
710 1628 912 1708 sententiam,
937 1627 1200 1710 homonymorum
1224 1630 1388 1712 catalogos
1404 1631 1549 1696 Laertia-

325 1753 383 1800 nos
408 1753 446 1798 ex
474 1733 643 1816 omnigena
671 1733 808 1798 historia
831 1733 982 1799 Favorini
1006 1735 1169 1800 derivatos
1193 1754 1272 1802 esse.
1312 1737 1355 1803 Et
1377 1739 1458 1804 haec
1480 1739 1549 1822 qui-

326 1843 397 1906 dem
421 1841 598 1922 disputatio
624 1845 694 1905 erat
716 1840 825 1906 hercle
848 1840 1021 1907 moliminis
1044 1842 1162 1922 magni,
1188 1846 1222 1908 at
1244 1863 1308 1909 non
1331 1845 1475 1926 periculi.
1511 1846 1548 1912 In

325 1968 363 2014 eo
387 1953 495 2014 tamen
524 1948 610 2013 haud
639 1949 904 2031 acquiescendum
932 1949 996 2012 rati
1027 1949 1068 2012 ad
1091 1948 1254 2014 Laertiani
1288 1952 1395 2033 operis
1423 1971 1549 2034 compo·

325 2056 474 2121 sitionem
502 2055 716 2137 indagandam
752 2061 785 2121 et
820 2056 976 2138 originem
1004 2073 1063 2122 nos
1099 2055 1307 2124 conferemus.
1356 2059 1475 2138 Quodsi
1501 2060 1548 2125 ita

324 2162 403 2228 mihi
427 2164 574 2243 cesserit,
603 2167 640 2228 ut
662 2161 758 2228 fidem
781 2163 900 2228 iudicio
923 2183 993 2229 mco
1018 2163 1108 2228 dicar
1131 2165 1334 2246 conciliasse,
1365 2183 1442 2231 sane
1470 2166 1550 2231 mihi

325 2269 477 2351 gratuler.
525 2269 636 2352 Neque
666 2270 751 2334 enim
778 2269 939 2335 hominem
970 2269 1130 2352 quendam
1154 2288 1193 2335 ex
1216 2271 1355 2337 iniustae
1379 2273 1548 2339 oblivionis

325 2376 462 2459 caligine
485 2375 622 2442 reddere
646 2377 774 2442 debitae
797 2376 871 2458 luci,
900 2377 987 2460 quod
1009 2396 1160 2459 magnum
1188 2383 1248 2459 est,
1273 2379 1470 2446 solummodo
1494 2399 1548 2446 vo-

323 2482 438 2564 lebam,
464 2503 584 2564 verum,
610 2485 696 2566 quod
718 2485 831 2565 maius,
864 2484 944 2549 artis
968 2489 1099 2550 nostrae
1122 2490 1249 2567 partem
1277 2486 1417 2568 turpiter
1440 2487 1548 2553 deser·

324 2595 391 2655 tam
415 2590 616 2673 aliquantum
639 2591 792 2657 adiuvare
816 2595 887 2656 erat
911 2591 943 2655 in
966 2591 1060 2656 votis.

412 2697 564 2763 Favorini
593 2699 795 2780 omnigenam
822 2697 992 2763 historiam
1022 2698 1087 2763 dixi
1115 2699 1213 2765 vicies
1243 2717 1262 2762 a
1285 2699 1415 2766 Laertio
1443 2702 1546 2769 citari.

251 2815 253 2820 '
325 2804 469 2869 Sedecim
492 2805 540 2869 illi
563 2823 643 2887 quos
666 2806 699 2868 in
723 2805 882 2869 indicibus
905 2805 1169 2888 homonymorum
1197 2807 1366 2888 usurpavit
1388 2812 1490 2874 testes
1513 2811 1547 2875 in

324 2912 440 2977 ceteris
464 2913 587 2977 Laertii
615 2911 707 2978 libris
738 2914 909 2976 occurrunt
937 2912 1056 2993 partim
1084 2910 1270 2995 frequentes
1298 2914 1443 2979 nonnulli
1470 2907 1546 2982 rari.

325 3019 452 3101 Omnes,
477 3021 612 3102 inquies
631 3020 658 3084 si
674 3018 856 3084 Nietzschei
872 3021 1118 3101 argumentandi
1133 3020 1292 3086 rationem
1308 3021 1546 3105 adprobaueris,

323 3127 481 3192 Favorino
509 3127 692 3192 vindicandi
720 3131 803 3191 sunt.
856 3125 919 3191 Sed
951 3145 991 3190 ne
1021 3127 1156 3192 calidius
1185 3127 1446 3210 progrediamur,
1476 3149 1548 3212 per·

323 3235 431 3316 magni
448 3235 585 3300 interest
600 3235 685 3300 inter
702 3239 850 3299 auctores
869 3234 965 3316 vulgo
986 3235 1171 3300 notissimos
1190 3239 1223 3299 et
1240 3235 1268 3299 si
1285 3236 1338 3317 qui
1354 3253 1374 3300 a
1390 3238 1548 3302 communi

324 3341 507 3423 cognitione
540 3342 703 3407 recedunt.
764 3341 802 3406 In
832 3341 1011 3423 volgarium
1040 3361 1208 3407 numerum
1237 3360 1276 3407 ex
1307 3343 1464 3409 indicibus
1494 3344 1546 3429 [ei

324 3468 422 3530 supra
450 3469 481 3532 p.
508 3449 563 3533 45]
593 3449 785 3516 conveniunt
809 3449 982 3514 Simonidis
1013 3453 1046 3513 ct
1076 3447 1263 3514 Callimachi
1292 3450 1545 3532 ‘epigrammata’

324 3555 510 3622 Aristotelis
540 3557 714 3623 ‘rhetorum
743 3557 891 3638 epitoma'
917 3556 1072 3638 Antigoni
1101 3556 1205 3622 ‘vitae‘
1231 3557 1417 3639 Apollodori
1446 3559 1548 3625 ‘chro-
1653 3560 1671 3586 ”

323 3663 416 3729 nica'.
465 3663 584 3730 Contra
613 3665 796 3730 Aristoxeni
825 3665 902 3730 ‘vita
928 3664 1083 3730 Platonis’
1115 3663 1178 3748 [bis
1208 3663 1245 3730 ci.
1270 3685 1301 3747 p.
1327 3664 1393 3748 45],
1422 3666 1548 3733 Eudoxi

325 3773 387 3855 *γῆς
411 3771 569 3856 περίοδος’
595 3771 672 3856 [ter]
697 3771 884 3853 Euphorion
908 3772 1034 3857 [semel]
1058 3773 1230 3854 Hipponax
1254 3771 1330 3857 [bis]
1354 3773 1546 3840 Menodotus

394 3983 432 4054 63)
449 3982 617 4052 Pamphilam
636 3985 789 4040 Favorinus
807 3985 890 4040 etiam
909 3984 974 4040 alibi
999 3984 1095 4040 citavit
1118 3984 1152 4039 cf.
1171 4002 1197 4055 p.
1211 3986 1245 4042 55
1263 3985 1406 4040 Periandri
1429 3987 1548 4042 redeunt

323 4074 396 4142 apud
420 4073 564 4129 Aelianum
583 4073 616 4128 V.
634 4073 669 4128 H.
687 4073 741 4130 XII
760 4076 794 4131 35
822 4072 871 4130 oto
894 4076 1058 4146 Hsplardpos
1080 4074 1093 4130 ὃ
1121 4075 1173 4147 μὲν
1200 4072 1284 4146 σοφός
1312 4072 1325 4128 ὁ
1353 4076 1384 4130 δὲ
1410 4075 1547 4147 τύραννος.

323 4164 460 4232 Deinceps
479 4168 671 4219 enumerantur
690 4165 836 4218 Μιλτιάδην
855 4171 923 4236 τρεῖς
949 4165 1057 4236 [revera
1079 4164 1133 4220 duo
1159 4162 1193 4216 cf.
1210 4162 1348 4218 Perizonii
1367 4166 1440 4238 adm]
1463 4164 1477 4220 ὃ
1495 4171 1547 4242 μὲν

323 4253 510 4324 Χεῤῥόννησον
533 4259 623 4315 κτίσας
644 4255 691 4307 καὶ
709 4250 723 4306 ὅ
741 4257 866 4324 Κυψέλου
889 4256 935 4308 καὶ
959 4251 972 4307 ὃ
995 4259 1132 4326 Κίμωνος,
1158 4252 1276 4321 denique
1304 4253 1422 4324 Sibyllae
1447 4264 1475 4311 et
1493 4257 1546 4312 Ba·

324 4343 399 4398 eides
427 4357 461 4397 ex
488 4340 599 4397 scholiis
625 4341 844 4413 Aristophaneis.
889 4341 968 4398 Unde
997 4341 1162 4398 Periandros
1191 4349 1219 4396 et
1247 4341 1388 4399 Miltiades
1415 4343 1546 4401 Aelianus

324 4432 469 4502 sumpserit
487 4430 590 4500 ignoro.
