3516 5272
309 471 353 536 40

308 646 410 712 multa
437 664 495 712 nec
525 645 645 712 absona
673 652 808 728 possunt
835 648 1021 729 coniectari,
1058 647 1146 714 velut
1176 650 1333 732 quomodo
1362 649 1524 732 acciderit,

308 758 345 818 ut
367 753 428 819 VH
453 755 515 818 186
538 759 605 820 tres
627 755 712 820 inter
735 774 770 821 se
799 757 959 839 excipiant
983 753 1153 839 Chrysippi
1174 758 1303 839 medici,
1332 758 1383 825 vel
1405 758 1438 823 Π
1462 759 1526 823 104

309 864 461 942 quattuor
480 861 638 928 Theodori
661 861 800 930 artifices
824 863 917 928 simul
940 882 1010 928 cum
1032 864 1213 931 Polemonis
1237 865 1402 932 Menodoti
1425 865 1526 932 Theo·

307 967 423 1050 phanis
445 968 653 1034 testimoniis:
679 970 736 1036 sed
758 971 903 1053 argutari
924 970 1009 1036 nolo.

886 1235 943 1302 111.

398 1395 489 1474 Quod
512 1395 552 1460 de
575 1400 698 1477 septem
720 1395 860 1462 indicum
883 1397 1007 1479 origine
1038 1396 1341 1480 demonstravimus,
1371 1398 1456 1465 idem
1486 1399 1528 1465 ad

309 1508 434 1568 ceteros
456 1500 713 1569 transferendum
738 1507 796 1570 est.

401 1613 428 1675 1.
452 1610 638 1692 Excipiendi
662 1616 736 1676 sunt
758 1616 794 1677 ut
817 1611 882 1677 dixi
897 1611 1050 1676 Pittaci
1065 1612 1081 1676 Ι
1097 1612 1138 1676 79
1162 1614 1272 1691 γέγονε
1293 1610 1332 1675 δὲ
1353 1615 1408 1675 καὶ
1427 1615 1529 1697 ἔτερος

311 1722 349 1781 Π.
375 1721 564 1804 νομοθέτης,
594 1714 636 1794 ὥς
668 1736 745 1805 φησι
772 1721 962 1804 Φαβωρῖνος
996 1717 1032 1784 ἓν
1066 1712 1407 1804 ἀπομνημονευμάτων
1436 1723 1528 1806 apiago

308 1823 362 1892 καὶ
391 1822 569 1911 Δημήτριος
595 1822 630 1890 ἕν
659 1823 852 1911 ὁμωνύμους,
883 1824 916 1901 ὃς
943 1830 997 1890 καὶ
1023 1820 1135 1911 μικρός
1160 1822 1419 1910 προσηγορεύθηε
1446 1824 1530 1890 hunc
1578 1855 1581 1864 ·

309 1933 394 1999 enirn
418 1933 596 2015 desumpsit
619 1951 659 1999 ex
680 1933 830 2001 Favorini
854 1933 1100 2014 commentariis,
1126 1931 1159 1998 id
1182 1931 1267 2014 quod
1289 1931 1359 2014 ipse
1383 1937 1435 1998 sat
1450 1932 1530 1998 dilu-

310 2041 379 2106 cide
402 2039 555 2107 hocloco
578 2041 753 2108 adnotavit.
801 2042 1032 2125 Transgrediar
1055 2041 1097 2107 ad
1120 2040 1216 2106 aliud.

401 2149 431 2215 2.
455 2147 663 2214 Nietzschens
687 2148 780 2232 [mus.
805 2149 894 2215 rhen.
919 2149 1025 2215 XXIV
1049 2147 1163 2233 [1869]
1187 2165 1218 2229 p.
1239 2145 1331 2230 186]‚
1355 2146 1417 2213 hac
1438 2149 1472 2214 in
1494 2167 1531 2216 rc

309 2253 361 2320 vel
378 2252 606 2320 Seheuerleero
627 2256 794 2338 incautior,
819 2256 904 2322 inter
919 2256 1074 2338 genuinos
1089 2254 1351 2337 homonymorum
1368 2255 1531 2338 catalogos

311 2378 366 2427 eos
394 2361 510 2443 recipit
536 2360 637 2442 locos,
673 2358 728 2424 ubi
762 2378 844 2424 unus
879 2379 920 2426 an
950 2361 1058 2442 plnres
1085 2360 1184 2428 fuerit
1211 2379 1270 2442 per
1299 2361 1532 2442 aporiamuis-

311 2473 467 2551 captatur.
513 2467 703 2534 Huiusmodi
726 2467 855 2548 aperias
878 2468 956 2533 duas
981 2469 1173 2552 consignabo
1196 2468 1396 2535 Laertianos.

399 2576 453 2642 De
481 2575 721 2658 Pherecydis
746 2573 873 2658 Syriis
895 2574 911 2638 Ι
930 2577 985 2657 10,
1013 2579 1074 2641 119
1090 2576 1240 2663 ”Asopon
1255 2573 1272 2641 ὁ
1289 2571 1439 2661 Ἐφέσιός
1455 2594 1533 2662 φησι

311 2681 369 2748 doio
403 2683 572 2762 γεγονέναι
600 2678 781 2768 Φερεκύδας
809 2682 945 2762 Συρίους
977 2683 1034 2749 τόν
1066 2687 1127 2766 μὲν
1160 2678 1368 2768 ἀστρολόγον,
1402 2680 1462 2750 τόν
1495 2683 1533 2748 δὲ

311 2785 473 2869 θεολόγον
488 2785 561 2854 οἷόν
572 2784 714 2870 Βάβυος,
731 2782 825 2875 ᾧκαῐ
842 2787 1047 2874 Πυθαγόραν
1061 2786 1231 2872 σχολάσαι·
1253 2787 1534 2877 Ἐρατοσθένης

311 2898 341 2964 δ’
364 2901 423 2964 ἕνα
445 2892 558 2982 μόνον,
582 2900 638 2959 καὶ
660 2897 769 2982 ἕτερον
785 2890 969 2980 Ἀθηναῖον
990 2893 1192 2980 γενεαλόγον.

401 3006 456 3070 De
478 3003 715 3069 Periandris
738 3002 754 3066 I
777 3004 807 3082 7,
833 3003 874 3067 98
899 3021 945 3086 sq.
969 3006 1099 3070 Euticu
1122 3002 1158 3067 δὲ
1180 3007 1234 3066 καὶ
1252 3000 1456 3091 Ἡρακλείδης
1478 3009 1533 3068 καὶ

315 3111 472 3197 Παμφίλη
495 3109 532 3176 ἓν
554 3109 599 3198 τῷ
621 3114 756 3198 πέμπτῳ
779 3108 845 3175 τοῖν
867 3105 1105 3197 ὑπομνημάτων
1129 3108 1186 3176 doio
1210 3109 1291 3197 φασὶ
1311 3105 1534 3200 Περιάνδρους

311 3222 479 3303 γεγονέναι
513 3216 572 3284 τόν
605 3219 665 3302 μὲν
697 3215 868 3302 τύραννον,
902 3217 960 3284 τὸν
994 3217 1030 3282 δὲ
1064 3215 1167 3304 σοφόν
1197 3223 1251 3281 καὶ
1272 3213 1532 3305 Ἀμβρακιώτην·

312 3328 407 3391 τοῦτο
431 3329 486 3388 καὶ
501 3325 657 3410 Νεάνθης
673 3324 772 3410 φησλν
794 3321 1006 3410 όΚυζινηνός,
1030 3321 1188 3414 άνεψιοός
1209 3349 1242 3388 τε
1263 3327 1347 3391 sirm
1369 3321 1533 3410 άλλήλοις,

312 3438 367 3497 καὶ
375 3429 593 3520 Ἀριστοτέλης
614 3434 674 3514 μὲν
696 3433 754 3497 τόν
770 3429 946 3518 Κορίνθιόν
962 3446 1061 3517 φησιν
1084 3433 1168 3497 εἶναι
1183 3428 1240 3498 τόν
1254 3429 1369 3518 σοφόν,
1393 3432 1534 3500 Πλάτων

313 3539 344 3606 δ’
379 3540 416 3605 od
451 3556 557 3626 φησιν.
616 3539 703 3618 Quae
739 3541 778 3606 de
812 3538 1030 3623 Pherecydum
1063 3537 1225 3622 Syriorum
1260 3557 1392 3606 numero
1427 3545 1460 3605 et
1494 3541 1533 3606 de

313 3647 482 3713 Periandri
505 3647 661 3730 sapientis
683 3647 792 3730 patria
808 3647 1028 3728 discreparant
1044 3650 1188 3712 veterum
1205 3645 1394 3728 sententiae,
1420 3647 1532 3712 doctus

314 3756 443 3840 quidam
459 3759 570 3821 auctor
585 3754 708 3821 Laertii
731 3755 789 3820 sub
804 3775 902 3820 unum
918 3755 1104 3837 adspectum
1120 3755 1265 3835 subiecit,
1289 3758 1326 3820 ut
1341 3771 1380 3819 ex
1396 3755 1534 3820 auctori·

314 3864 436 3930 tatibus
458 3881 568 3928 verum
589 3863 822 3929 aestimaretur.
862 3863 911 3928 Ex
933 3882 995 3946 quo
1019 3867 1090 3928 erat
1113 3862 1198 3944 apud
1214 3862 1353 3928 Graecos
1377 3880 1534 3944 gramma-

314 3973 389 4052 tica,
414 3970 555 4036 studium
578 3970 760 4052 aporiarum
776 3989 938 4053 nunquam
954 3969 1050 4036 desiit
1074 3969 1341 4052 gravissimosque
1365 3970 1535 4037 exercebat

316 4084 472 4146 auctores.
529 4077 761 4144 Eratosthenes
789 4078 932 4161 aporiam
960 4078 999 4143 de
1028 4076 1221 4160 Pherecydis
1250 4073 1392 4141 coortam
1423 4078 1533 4161 solvit3

316 4257 378 4328 γάρ
398 4251 490 4322 ἦσαν·
511 4248 586 4318 οὗτος
603 4256 655 4327 μὲν
673 4261 756 4318 Χῖος
773 4253 1003 4327 [001111.Σάμιος],
1022 4251 1092 4314 ὅστις
1111 4255 1158 4308 καὶ
1170 4257 1249 4324 ἔργον
1267 4252 1459 4322 άοιόιμιότοτον
1477 4253 1536 4312 ἀνέ-

316 4353 400 4412 aynau
421 4349 450 4400 ἐν
473 4349 591 4417 Δελφοῖς,
618 4343 654 4408 ὥς
672 4342 814 4417 Ἡρόδοτος
833 4343 859 4416 [Ι
878 4345 935 4416 acJ,
960 4341 974 4398 ὅ
994 4345 1023 4399 de*
1048 4345 1130 4415 ἔτερος
1149 4340 1296 4416 Λημνιος
1314 4339 1535 4414 ἀνδριαντοποιός

317 4435 455 4509 διάσημος.
