3516 5272
1394 489 1435 552 63

431 660 599 728 Apuleius
824 659 828 749 t
1048 660 1212 716 Laertius

213 788 259 872 (a)
282 789 431 872 adusque
447 787 636 874 Aegyptum
660 787 725 852 ivit
738 795 795 874 pe·
851 787 882 852 b.
911 781 1065 851 κάκεῖθεν
1088 777 1167 872 πρὸς
1190 783 1329 852 Ἰταλίαν
1356 787 1439 872 πρὸς

211 892 321 967 titum,
363 900 403 959 ut
439 894 517 960 iride
553 897 795 982 prophatarum
850 894 925 966 τούς
975 896 1223 979 Πυθαγορείους
1270 891 1437 960 Φιλόλαον

211 998 310 1064 etiam
341 999 431 1065 ritus
461 1001 657 1075 addisceret,
694 1001 799 1066 etad
851 998 906 1061 iul
928 999 1089 1084 Εὔρυτον·

211 1107 346 1172 Italiam
371 1107 493 1173 iterum
516 1109 608 1174 uenit
953 1107 956 1113 ’
1126 1190 1129 1195 ,

212 1213 259 1297 (b)
283 1211 328 1300 [et
341 1216 402 1280 del.
417 1216 654 1300 Wilamowitz.]
672 1216 795 1301 Pytha·
852 1211 897 1296 (ω)
922 1209 1022 1278 ἔνθεν
1045 1213 1074 1275 τ’
1096 1215 1141 1289 εἰς
1157 1215 1330 1292 Αἴγυπτον
1345 1213 1436 1300 παραὶ

206 1341 326 1404 goroos
363 1323 535 1408 Eurytum
575 1320 797 1387 Tarentinum
849 1314 924 1393 τούς
946 1317 1130 1405 προφήτας·

211 1432 244 1490 et
262 1427 423 1492 seniorem
442 1428 625 1514 Archytam
646 1433 795 1492 sectatus.

211 1540 308 1620 atque
337 1535 384 1598 ad
409 1535 511 1600 Indos
537 1541 571 1599 et
590 1535 713 1619 Magos
743 1533 795 1598 in-
851 1529 946 1611 537.
973 1527 1087 1609 διέγνω
1113 1529 1151 1615 δη
1180 1527 1198 1595 ὅ
1222 1527 1361 1596 Πλάτων
1382 1530 1438 1594 καὶ

211 1640 367 1706 tendisset
397 1641 568 1715 oninium,
608 1639 683 1706 nisi
717 1646 797 1705 tuno
851 1644 915 1710 τοῖς
943 1633 1071 1718 Μάγοις
1101 1641 1267 1723 συμμῖξαι.
1317 1637 1373 1702 δια·
1401 1638 1438 1701 δὲ

210 1769 287 1813 eum
325 1749 406 1814 bello
443 1747 622 1812 vetuissent
655 1745 795 1812 enuntia
851 1739 925 1816 τοὺς
940 1737 1111 1827 τῆςἍσίας
1125 1743 1286 1827 πολέμους
1302 1740 1435 1830 ἀπέστη·

214 1853 310 1943 [corr.
334 1856 566 1935 Wilamowitz.‚
600 1856 690 1921 codd.
714 1855 796 1920 cale-

211 1962 300 2047 tica}
365 1965 441 2048 Qua
481 1967 618 2048 propter
661 1961 796 2026 inventa
852 1955 907 2037 §8
930 1958 1021 2036 μῖξίν
1048 1981 1083 2020 τε
1116 1954 1289 2041 ἐποιήσατο
1317 1963 1384 2024 τῶν
1403 1981 1438 2022 τε

212 2067 437 2134 Parmenidoe
459 2089 497 2133 aa
513 2065 657 2132 Zenonis
671 2065 797 2132 studio·
846 2059 1088 2148 Ἡρακλειτείων
1111 2061 1215 2142 λόγων
1242 2069 1296 2127 καί
1321 2069 1438 2130 Πυθα-

211 2173 286 2239 sius
296 2180 469 2239 exsecutus
480 2173 528 2239 ito
538 2173 699 2248 omnibus
714 2194 798 2259 quae
852 2170 991 2253 γορικῶν
1013 2169 1067 2234 καὶ
1089 2173 1302 2257 Σωκρατικῶν

212 2279 437 2346 admirationi
456 2286 539 2346 sunt
559 2279 700 2366 singula
720 2302 798 2346 suos
1220 2293 1222 2298 '
1273 2294 1274 2297 ’

212 2387 315 2454 libros
336 2387 493 2474 expleuit,
519 2393 560 2452 ut
573 2386 712 2473 primus
734 2387 797 2453 tri-

207 2494 366 2581 pertitam
371 2493 620 2581 philosophiam
631 2495 801 2581 copularet

212 2601 338 2688 sibique
398 2600 538 2667 i'rivi'eem
597 2600 799 2668 necessarias

207 2714 323 2794 partes
356 2731 414 2773 nee
445 2715 607 2794 pugnare
643 2709 733 2774 inter
765 2730 798 2772 se

213 2817 437 2880 tantummodo
464 2817 523 2880 sed
547 2814 647 2880 etium
668 2814 799 2881 mutuis

213 2921 377 2987 adiuvare
420 2921 569 2988 auxiliis
611 2923 797 2988 ostenderet.

214 3028 306 3093 Nam
328 3028 482 3113 quamvis
504 3031 543 3094 de
560 3028 703 3095 diuersis
724 3029 798 3115 offl-

213 3133 302 3200 einis
315 3137 394 3201 liaeo
409 3135 445 3200 ei
455 3121 561 3201 essent
568 3135 799 3223 philosophiae

213 3243 357 3306 merum
411 3249 572 3328 suscepta,
628 3241 799 3307 naturalis
853 3231 893 3298 τὰ
916 3237 977 3316 μὲν
998 3232 1070 3321 γάρ
1084 3233 1229 3322 αἰσθητὰ
1244 3236 1323 3300 καθ’
1342 3234 1437 3322 Ἡρά-

217 3348 274 3436 <ab
296 3344 562 3432 Heracliteis)⁸⁷)
588 3371 609 3414 a
632 3349 798 3434 Pythago·
852 3341 988 3420 κλειτον,
1016 3338 1058 3405 τὰ
1081 3342 1119 3405 δὲ
1142 3341 1240 3427 νοητὰ
1264 3341 1346 3408 κατὰ
1372 3349 1437 3409 Πο-

213 3451 535 3538 reisrotionalis⁶⁷¹³)
551 3455 799 3540 atquemoralis
853 3445 1007 3534 θαγόραν
1032 3453 1074 3512 τοὶ
1104 3450 1142 3513 δὲ
1170 3450 1319 3515 πολιτικοὶ
1354 3450 1437 3514 κατοὶ

214 3579 257 3623 ex
285 3559 356 3646 ipso
378 3559 526 3628 Socratis
540 3562 656 3645 fonte,
689 3583 798 3628 unum
853 3555 1025 3641 Σωκράτην
1048 3554 1254 3640 ἐφιλοσόφει·

213 3669 324 3731 tamen
335 3688 379 3732 ex
394 3666 547 3733 omnibus
563 3674 595 3733 et
608 3690 705 3754 quasi
718 3677 798 3755 pro·

208 3771 289 3859 prii
290 3779 415 3860 partus
422 3781 542 3860 eorpus
552 3775 669 3862 effecit,
683 3781 715 3840 et
723 3798 798 3841 cum

208 3877 380 3965 principes
419 3881 544 3946 lorum
569 3880 799 3964 familiarum

214 3982 383 4070 impolitos
392 3986 571 4052 sententias
585 3992 617 4052 et
630 3985 800 4055 incolatus

282 4284 323 4385 ⁶⁷)
343 4314 387 4369 Sia
408 4331 441 4370 οι
459 4314 570 4370 Laertio
589 4315 776 4383 supplendum.

286 4403 335 4476 671’)
354 4405 430 4460 Corr.
449 4404 683 4474 Wilamowitzius,
702 4405 846 4461 dialectica
864 4405 1045 4461 Goldbaiher.
