<?xml version="1.0" encoding="UTF-8"?>
<!DOCTYPE html PUBLIC "-//W3C//DTD XHTML 1.0 Transitional//EN"
    "http://www.w3.org/TR/xhtml1/DTD/xhtml1-transitional.dtd">
<html xmlns="http://www.w3.org/1999/xhtml" xml:lang="en" lang="en">
 <head>
  <title>
</title>
<meta http-equiv="Content-Type" content="text/html;charset=utf-8" />
  <meta name='ocr-system' content='tesseract 3.04.00' />
  <meta name='ocr-capabilities' content='ocr_page ocr_carea ocr_par ocr_line ocrx_word'/>
</head>
<body>
  <div class='ocr_page' id='page_1' title='image "./debiographisgra00maasgoog_0040.png"; bbox 0 0 3516 5272; ppageno 0'>
   <div class='ocr_carea' id='block_1_1' title="bbox 1369 488 1410 552">
    <p class='ocr_par' dir='ltr' id='par_1_1' title="bbox 1369 488 1410 552">
     <span class='ocr_line' id='line_1_1' title="bbox 1369 488 1410 552; baseline 0 0"><span class='ocrx_word' id='word_1_1' title='bbox 1369 488 1410 552; x_wconf 88' lang='grc'>31</span> 
     </span>
    </p>
   </div>
   <div class='ocr_carea' id='block_1_2' title="bbox 190 658 1417 1388">
    <p class='ocr_par' dir='ltr' id='par_1_2' title="bbox 190 658 1417 1388">
     <span class='ocr_line' id='line_1_2' title="bbox 190 658 1416 749; baseline 0.001 -21"><span class='ocrx_word' id='word_1_2' title='bbox 190 659 340 749; x_wconf 79' lang='grc' dir='ltr'><strong><em>δρότητος</em></strong></span> <span class='ocrx_word' id='word_1_3' title='bbox 368 665 413 738; x_wconf 73' lang='grc' dir='ltr'>οἷς</span> <span class='ocrx_word' id='word_1_4' title='bbox 440 661 570 748; x_wconf 75' lang='grc' dir='ltr'><strong><em>πλῆθος</em></strong></span> <span class='ocrx_word' id='word_1_5' title='bbox 596 666 652 728; x_wconf 78' lang='grc' dir='ltr'><strong><em>καὶ</em></strong></span> <span class='ocrx_word' id='word_1_6' title='bbox 679 658 858 749; x_wconf 70' lang='grc' dir='ltr'><strong><em>λεπτότητα</em></strong></span> <span class='ocrx_word' id='word_1_7' title='bbox 884 659 1068 748; x_wconf 75' lang='grc' dir='ltr'><strong><em>πνεύματος</em></strong></span> <span class='ocrx_word' id='word_1_8' title='bbox 1093 658 1235 743; x_wconf 78' lang='grc' dir='ltr'><strong><em>ἀνοίσει,</em></strong></span> <span class='ocrx_word' id='word_1_9' title='bbox 1262 662 1416 749; x_wconf 73' lang='grc' dir='ltr'><strong><em>καθάπερ</em></strong></span> 
     </span>
     <span class='ocr_line' id='line_1_3' title="bbox 191 765 1416 855; baseline 0.001 -20"><span class='ocrx_word' id='word_1_10' title='bbox 191 773 283 854; x_wconf 74' lang='grc' dir='ltr'><strong><em>οἶμαι</em></strong></span> <span class='ocrx_word' id='word_1_11' title='bbox 298 765 621 855; x_wconf 65' lang='grc' dir='ltr'><strong><em>καὶῗΕρασίττρατος.</em></strong></span> <span class='ocrx_word' id='word_1_12' title='bbox 656 769 884 837; x_wconf 84' lang='lat' dir='ltr'>Scheuerleerc</span> <span class='ocrx_word' id='word_1_13' title='bbox 901 769 1023 837; x_wconf 85' lang='lat' dir='ltr'>arbitro</span> <span class='ocrx_word' id='word_1_14' title='bbox 1039 770 1198 836; x_wconf 78' lang='lat' dir='ltr'><strong>Athenaei</strong></span> <span class='ocrx_word' id='word_1_15' title='bbox 1213 772 1416 838; x_wconf 86' lang='lat' dir='ltr'>adversarius</span> 
     </span>
     <span class='ocr_line' id='line_1_4' title="bbox 191 876 1416 959; baseline 0.002 -17"><span class='ocrx_word' id='word_1_16' title='bbox 191 882 263 944; x_wconf 81' lang='lat' dir='ltr'>erat</span> <span class='ocrx_word' id='word_1_17' title='bbox 293 877 510 958; x_wconf 77' lang='lat' dir='ltr'>Asclepiades,</span> <span class='ocrx_word' id='word_1_18' title='bbox 557 877 627 959; x_wconf 84' lang='lat' dir='ltr'>Ego</span> <span class='ocrx_word' id='word_1_19' title='bbox 654 878 763 959; x_wconf 90' lang='lat' dir='ltr'>potius</span> <span class='ocrx_word' id='word_1_20' title='bbox 792 876 949 942; x_wconf 88' lang='lat' dir='ltr'>Galenum</span> <span class='ocrx_word' id='word_1_21' title='bbox 972 877 1068 942; x_wconf 90' lang='lat' dir='ltr'>audio</span> <span class='ocrx_word' id='word_1_22' title='bbox 1096 877 1322 959; x_wconf 83' lang='lat' dir='ltr'>disserentem,</span> <span class='ocrx_word' id='word_1_23' title='bbox 1352 897 1416 944; x_wconf 88' lang='lat' dir='ltr'>non</span> 
     </span>
     <span class='ocr_line' id='line_1_5' title="bbox 191 982 1417 1068; baseline -0.001 -17"><span class='ocrx_word' id='word_1_24' title='bbox 191 985 414 1066; x_wconf 81' lang='lat' dir='ltr'>Asclepiadem</span> <span class='ocrx_word' id='word_1_25' title='bbox 437 983 477 1067; x_wconf 90' lang='lat' dir='ltr'>[c.</span> <span class='ocrx_word' id='word_1_26' title='bbox 498 986 561 1049; x_wconf 87' lang='lat'>100</span> <span class='ocrx_word' id='word_1_27' title='bbox 577 1003 605 1050; x_wconf 86' lang='lat' dir='ltr'>a.</span> <span class='ocrx_word' id='word_1_28' title='bbox 624 983 697 1050; x_wconf 84' lang='lat' dir='ltr'>Chr.</span> <span class='ocrx_word' id='word_1_29' title='bbox 719 1003 750 1049; x_wconf 91' lang='lat' dir='ltr'>n.</span> <span class='ocrx_word' id='word_1_30' title='bbox 776 982 814 1049; x_wconf 85' lang='lat' dir='ltr'>cl.</span> <span class='ocrx_word' id='word_1_31' title='bbox 831 983 956 1048; x_wconf 90' lang='lat' dir='ltr'>Haeser</span> <span class='ocrx_word' id='word_1_32' title='bbox 979 1002 1010 1064; x_wconf 91' lang='lat' dir='ltr'>p.</span> <span class='ocrx_word' id='word_1_33' title='bbox 1029 986 1092 1048; x_wconf 71' lang='lat'>262</span> <span class='ocrx_word' id='word_1_34' title='bbox 1118 984 1211 1068; x_wconf 84' lang='lat' dir='ltr'>sqq.],</span> <span class='ocrx_word' id='word_1_35' title='bbox 1237 985 1265 1049; x_wconf 87' lang='lat' dir='ltr'>si</span> <span class='ocrx_word' id='word_1_36' title='bbox 1287 985 1417 1066; x_wconf 91' lang='lat' dir='ltr'>quidem</span> 
     </span>
     <span class='ocr_line' id='line_1_6' title="bbox 193 1085 1417 1170; baseline 0.001 -15"><span class='ocrx_word' id='word_1_37' title='bbox 193 1095 303 1156; x_wconf 80' lang='lat' dir='ltr'>extant</span> <span class='ocrx_word' id='word_1_38' title='bbox 331 1089 440 1156; x_wconf 91' lang='lat' dir='ltr'>futura</span> <span class='ocrx_word' id='word_1_39' title='bbox 462 1088 720 1169; x_wconf 75' lang='grc' dir='ltr'><strong><em>καταγελάσεται</em></strong></span> <span class='ocrx_word' id='word_1_40' title='bbox 744 1094 777 1156; x_wconf 93' lang='lat' dir='ltr'>et</span> <span class='ocrx_word' id='word_1_41' title='bbox 801 1085 938 1168; x_wconf 71' lang='lat' dir='ltr'>drotum,</span> <span class='ocrx_word' id='word_1_42' title='bbox 961 1107 1024 1154; x_wconf 91' lang='lat' dir='ltr'>ncn</span> <span class='ocrx_word' id='word_1_43' title='bbox 1048 1088 1242 1170; x_wconf 87' lang='lat' dir='ltr'>praesentia.</span> <span class='ocrx_word' id='word_1_44' title='bbox 1266 1126 1311 1136; x_wconf 96' lang='lat'><em>-</em></span> <span class='ocrx_word' id='word_1_45' title='bbox 1333 1090 1417 1156; x_wconf 86' lang='lat' dir='ltr'>Exa-</span> 
     </span>
     <span class='ocr_line' id='line_1_7' title="bbox 190 1195 1415 1281; baseline -0.002 -19"><span class='ocrx_word' id='word_1_46' title='bbox 190 1197 346 1262; x_wconf 90' lang='lat' dir='ltr'>minemus</span> <span class='ocrx_word' id='word_1_47' title='bbox 384 1195 521 1260; x_wconf 86' lang='lat' dir='ltr'>alterum</span> <span class='ocrx_word' id='word_1_48' title='bbox 557 1195 672 1262; x_wconf 82' lang='lat' dir='ltr'>Galeni</span> <span class='ocrx_word' id='word_1_49' title='bbox 710 1196 814 1263; x_wconf 86' lang='lat' dir='ltr'>lecum</span> <span class='ocrx_word' id='word_1_50' title='bbox 848 1195 926 1261; x_wconf 90' lang='lat' dir='ltr'>VIII</span> <span class='ocrx_word' id='word_1_51' title='bbox 958 1214 990 1276; x_wconf 88' lang='lat' dir='ltr'>p.</span> <span class='ocrx_word' id='word_1_52' title='bbox 1016 1197 1080 1260; x_wconf 77' lang='lat' dir='ltr'>tae</span> <span class='ocrx_word' id='word_1_53' title='bbox 1115 1195 1226 1260; x_wconf 80' lang='lat' dir='ltr'>Kllhn:</span> <span class='ocrx_word' id='word_1_54' title='bbox 1262 1195 1316 1259; x_wconf 80' lang='grc' dir='ltr'><strong><em>καὶ</em></strong></span> <span class='ocrx_word' id='word_1_55' title='bbox 1353 1197 1415 1281; x_wconf 81' lang='grc' dir='ltr'>πρὸ</span> 
     </span>
     <span class='ocr_line' id='line_1_8' title="bbox 190 1296 1417 1388; baseline -0.002 -19"><span class='ocrx_word' id='word_1_56' title='bbox 190 1303 322 1370; x_wconf 82' lang='grc' dir='ltr'><strong><em>πάντων</em></strong></span> <span class='ocrx_word' id='word_1_57' title='bbox 345 1301 466 1368; x_wconf 71' lang='grc' dir='ltr'><strong><em>ἐκείνου</em></strong></span> <span class='ocrx_word' id='word_1_58' title='bbox 488 1305 630 1388; x_wconf 75' lang='grc' dir='ltr'><strong><em>μέμνησο</em></strong></span> <span class='ocrx_word' id='word_1_59' title='bbox 653 1302 711 1367; x_wconf 78' lang='grc' dir='ltr'><strong><em>τοῦ</em></strong></span> <span class='ocrx_word' id='word_1_60' title='bbox 732 1306 826 1388; x_wconf 80' lang='grc' dir='ltr'><strong><em>μέχρι</em></strong></span> <span class='ocrx_word' id='word_1_61' title='bbox 848 1301 941 1386; x_wconf 76' lang='grc' dir='ltr'><strong><em>δεῦρο</em></strong></span> <span class='ocrx_word' id='word_1_62' title='bbox 963 1296 1074 1384; x_wconf 83' lang='grc' dir='ltr'><strong><em>μόνων</em></strong></span> <span class='ocrx_word' id='word_1_63' title='bbox 1096 1297 1214 1383; x_wconf 78' lang='grc' dir='ltr'><strong><em>σχεδὸν</em></strong></span> <span class='ocrx_word' id='word_1_64' title='bbox 1240 1297 1304 1368; x_wconf 82' lang='grc' dir='ltr'><strong><em>τῶν</em></strong></span> <span class='ocrx_word' id='word_1_65' title='bbox 1321 1299 1417 1387; x_wconf 82' lang='grc' dir='ltr'><strong><em>Ἡρο-</em></strong></span> 
     </span>
    </p>
   </div>
   <div class='ocr_carea' id='block_1_3' title="bbox 191 1403 1542 1496">
    <p class='ocr_par' dir='ltr' id='par_1_3' title="bbox 191 1403 1542 1496">
     <span class='ocr_line' id='line_1_9' title="bbox 191 1403 1542 1496; baseline -0.001 -22"><span class='ocrx_word' id='word_1_66' title='bbox 191 1410 323 1495; x_wconf 64' lang='lat' dir='ltr'>palatur</span> <span class='ocrx_word' id='word_1_67' title='bbox 344 1403 429 1495; x_wconf 78' lang='grc' dir='ltr'><strong><em>ἡμᾶς</em></strong></span> <span class='ocrx_word' id='word_1_68' title='bbox 454 1407 528 1484; x_wconf 83' lang='grc' dir='ltr'>τούς</span> <span class='ocrx_word' id='word_1_69' title='bbox 551 1405 645 1492; x_wconf 86' lang='grc' dir='ltr'><strong><em>ὄρους</em></strong></span> <span class='ocrx_word' id='word_1_70' title='bbox 667 1411 947 1495; x_wconf 78' lang='grc' dir='ltr'><strong><em>προνοχαιρίσθαι,</em></strong></span> <span class='ocrx_word' id='word_1_71' title='bbox 970 1406 1102 1473; x_wconf 77' lang='grc' dir='ltr'><strong><em>πολλῶν</em></strong></span> <span class='ocrx_word' id='word_1_72' title='bbox 1129 1414 1184 1472; x_wconf 69' lang='grc' dir='ltr'><strong><em>καὶ</em></strong></span> <span class='ocrx_word' id='word_1_73' title='bbox 1210 1419 1276 1485; x_wconf 66' lang='grc' dir='ltr'><strong><em>τοῖς</em></strong></span> <span class='ocrx_word' id='word_1_74' title='bbox 1292 1403 1417 1496; x_wconf 84' lang='grc' dir='ltr'><strong><em>Ἐρασι-</em></strong></span> <span class='ocrx_word' id='word_1_75' title='bbox 1540 1422 1542 1426; x_wconf 83' lang='grc'><strong>’</strong></span> 
     </span>
    </p>
   </div>
   <div class='ocr_carea' id='block_1_4' title="bbox 190 1510 1418 4299">
    <p class='ocr_par' dir='ltr' id='par_1_4' title="bbox 190 1510 1418 2450">
     <span class='ocr_line' id='line_1_10' title="bbox 191 1510 1417 1605; baseline 0 -23"><span class='ocrx_word' id='word_1_76' title='bbox 191 1521 368 1605; x_wconf 74' lang='grc' dir='ltr'><strong><em>στρατείαις</em></strong></span> <span class='ocrx_word' id='word_1_77' title='bbox 388 1513 444 1579; x_wconf 72' lang='grc' dir='ltr'><strong><em>καὶ</em></strong></span> <span class='ocrx_word' id='word_1_78' title='bbox 465 1523 530 1590; x_wconf 73' lang='grc' dir='ltr'><strong><em>τοῖς</em></strong></span> <span class='ocrx_word' id='word_1_79' title='bbox 546 1510 841 1602; x_wconf 76' lang='grc' dir='ltr'><strong><em>Ἀσκληπιαδείους</em></strong></span> <span class='ocrx_word' id='word_1_80' title='bbox 866 1511 1045 1596; x_wconf 72' lang='grc' dir='ltr'><strong><em>γεγονότων</em></strong></span> <span class='ocrx_word' id='word_1_81' title='bbox 1073 1510 1177 1601; x_wconf 78' lang='grc' dir='ltr'><strong><em>ὥσπερ</em></strong></span> <span class='ocrx_word' id='word_1_82' title='bbox 1206 1538 1243 1595; x_wconf 78' lang='grc' dir='ltr'>γε</span> <span class='ocrx_word' id='word_1_83' title='bbox 1269 1519 1325 1581; x_wconf 74' lang='grc' dir='ltr'>καὶ</span> <span class='ocrx_word' id='word_1_84' title='bbox 1351 1526 1417 1590; x_wconf 69' lang='grc' dir='ltr'><strong><em>τοῖς</em></strong></span> 
     </span>
     <span class='ocr_line' id='line_1_11' title="bbox 191 1617 1418 1708; baseline -0.001 -21"><span class='ocrx_word' id='word_1_85' title='bbox 191 1622 250 1692; x_wconf 79' lang='grc' dir='ltr'>ἀπ’</span> <span class='ocrx_word' id='word_1_86' title='bbox 264 1619 445 1708; x_wconf 68' lang='grc' dir='ltr'><strong><em>Ἀθηναῖοι</em></strong></span> <span class='ocrx_word' id='word_1_87' title='bbox 467 1622 525 1687; x_wconf 83' lang='grc' dir='ltr'><strong><em>τοῦ</em></strong></span> <span class='ocrx_word' id='word_1_88' title='bbox 541 1621 725 1698; x_wconf 64' lang='lat' dir='ltr'>&#39;Avectius</span> <span class='ocrx_word' id='word_1_89' title='bbox 748 1620 802 1698; x_wconf 74' lang='grc' dir='ltr'>οὓς</span> <span class='ocrx_word' id='word_1_90' title='bbox 828 1620 1058 1707; x_wconf 78' lang='grc' dir='ltr'><strong><em>πνεοματιιιοὺς</em></strong></span> <span class='ocrx_word' id='word_1_91' title='bbox 1072 1617 1289 1707; x_wconf 76' lang='grc' dir='ltr'><strong><em>ὀνομάζουσιν</em></strong></span> <span class='ocrx_word' id='word_1_92' title='bbox 1311 1624 1341 1688; x_wconf 82' lang='lat' dir='ltr'>sl</span> <span class='ocrx_word' id='word_1_93' title='bbox 1363 1621 1418 1687; x_wconf 77' lang='lat' dir='ltr'>aral</span> 
     </span>
     <span class='ocr_line' id='line_1_12' title="bbox 190 1724 1417 1816; baseline -0.002 -21"><span class='ocrx_word' id='word_1_94' title='bbox 190 1727 233 1816; x_wconf 74' lang='grc' dir='ltr'>μὴ</span> <span class='ocrx_word' id='word_1_95' title='bbox 244 1727 406 1795; x_wconf 82' lang='grc' dir='ltr'><strong><em>τοσούτων</em></strong></span> <span class='ocrx_word' id='word_1_96' title='bbox 419 1724 502 1814; x_wconf 86' lang='grc' dir='ltr'><strong><em>ὅρων</em></strong></span> <span class='ocrx_word' id='word_1_97' title='bbox 514 1724 632 1811; x_wconf 87' lang='grc' dir='ltr'><strong><em>[ὄντων</em></strong></span> <span class='ocrx_word' id='word_1_98' title='bbox 642 1727 918 1811; x_wconf 86' lang='lat' dir='ltr'>Wilamewitzius]</span> <span class='ocrx_word' id='word_1_99' title='bbox 935 1725 1019 1810; x_wconf 83' lang='grc' dir='ltr'><strong><em>ὅμως</em></strong></span> <span class='ocrx_word' id='word_1_100' title='bbox 1032 1727 1113 1812; x_wconf 79' lang='grc' dir='ltr'><strong><em>γοῦν</em></strong></span> <span class='ocrx_word' id='word_1_101' title='bbox 1124 1729 1281 1796; x_wconf 76' lang='grc' dir='ltr'><strong><em>τοσούτων</em></strong></span> <span class='ocrx_word' id='word_1_102' title='bbox 1292 1731 1417 1814; x_wconf 78' lang='grc' dir='ltr'><em>εἰρημέ-</em></span> 
     </span>
     <span class='ocr_line' id='line_1_13' title="bbox 191 1835 1417 1918; baseline -0.002 -16"><span class='ocrx_word' id='word_1_103' title='bbox 191 1858 266 1902; x_wconf 85' lang='grc' dir='ltr'><strong><em>νων.</em></strong></span> <span class='ocrx_word' id='word_1_104' title='bbox 313 1836 398 1902; x_wconf 90' lang='lat' dir='ltr'>Mira</span> <span class='ocrx_word' id='word_1_105' title='bbox 421 1853 498 1902; x_wconf 89' lang='lat' dir='ltr'>sane</span> <span class='ocrx_word' id='word_1_106' title='bbox 521 1836 637 1902; x_wconf 83' lang='lat' dir='ltr'>levitas</span> <span class='ocrx_word' id='word_1_107' title='bbox 660 1835 860 1900; x_wconf 82' lang='lat' dir='ltr'>Athenaeum</span> <span class='ocrx_word' id='word_1_108' title='bbox 883 1835 1075 1917; x_wconf 79' lang='lat' dir='ltr'>Asclepiade</span> <span class='ocrx_word' id='word_1_109' title='bbox 1104 1836 1318 1918; x_wconf 85' lang='lat' dir='ltr'>antiquiorem</span> <span class='ocrx_word' id='word_1_110' title='bbox 1341 1836 1417 1901; x_wconf 90' lang='lat' dir='ltr'>hinc</span> 
     </span>
     <span class='ocr_line' id='line_1_14' title="bbox 192 1941 1416 2025; baseline -0.002 -17"><span class='ocrx_word' id='word_1_111' title='bbox 192 1942 424 2024; x_wconf 87' lang='lat' dir='ltr'>extorquentisi</span> <span class='ocrx_word' id='word_1_112' title='bbox 459 1941 685 2007; x_wconf 88' lang='lat' dir='ltr'>-Athenaei</span> <span class='ocrx_word' id='word_1_113' title='bbox 719 1941 889 2025; x_wconf 82' lang='lat' dir='ltr'>disciplina</span> <span class='ocrx_word' id='word_1_114' title='bbox 916 1942 944 2006; x_wconf 87' lang='lat' dir='ltr'>is</span> <span class='ocrx_word' id='word_1_115' title='bbox 973 1959 993 2006; x_wconf 87' lang='lat' dir='ltr'>a</span> <span class='ocrx_word' id='word_1_116' title='bbox 1027 1960 1089 2024; x_wconf 87' lang='lat' dir='ltr'>que</span> <span class='ocrx_word' id='word_1_117' title='bbox 1116 1942 1209 2008; x_wconf 91' lang='lat' dir='ltr'>nobis</span> <span class='ocrx_word' id='word_1_118' title='bbox 1238 1942 1416 2008; x_wconf 86' lang='lat' dir='ltr'>exeundum</span> 
     </span>
     <span class='ocr_line' id='line_1_15' title="bbox 191 2047 1416 2129; baseline -0.002 -13"><span class='ocrx_word' id='word_1_119' title='bbox 191 2055 262 2116; x_wconf 86' lang='lat' dir='ltr'>erat</span> <span class='ocrx_word' id='word_1_120' title='bbox 289 2049 430 2115; x_wconf 90' lang='lat' dir='ltr'>imbutus</span> <span class='ocrx_word' id='word_1_121' title='bbox 461 2053 512 2114; x_wconf 89' lang='lat' dir='ltr'>est</span> <span class='ocrx_word' id='word_1_122' title='bbox 541 2049 728 2114; x_wconf 89' lang='lat' dir='ltr'>Theodorus</span> <span class='ocrx_word' id='word_1_123' title='bbox 755 2048 1030 2129; x_wconf 87' lang='lat' dir='ltr'>pneumaticcrum</span> <span class='ocrx_word' id='word_1_124' title='bbox 1061 2047 1192 2114; x_wconf 87' lang='lat' dir='ltr'>assecla.</span> <span class='ocrx_word' id='word_1_125' title='bbox 1243 2049 1312 2114; x_wconf 86' lang='lat' dir='ltr'>Iam</span> <span class='ocrx_word' id='word_1_126' title='bbox 1339 2066 1416 2115; x_wconf 81' lang='lat' dir='ltr'>vere</span> 
     </span>
     <span class='ocr_line' id='line_1_16' title="bbox 190 2153 1416 2241; baseline -0.002 -19"><span class='ocrx_word' id='word_1_127' title='bbox 190 2153 362 2241; x_wconf 78' lang='lat' dir='ltr'>Plinius²⁹)</span> <span class='ocrx_word' id='word_1_128' title='bbox 386 2156 428 2221; x_wconf 93' lang='lat' dir='ltr'>ad</span> <span class='ocrx_word' id='word_1_129' title='bbox 445 2155 605 2222; x_wconf 87' lang='lat' dir='ltr'>Theodori</span> <span class='ocrx_word' id='word_1_130' title='bbox 621 2160 724 2221; x_wconf 92' lang='lat' dir='ltr'>artem</span> <span class='ocrx_word' id='word_1_131' title='bbox 739 2154 926 2236; x_wconf 80' lang='lat' dir='ltr'>provocavit</span> <span class='ocrx_word' id='word_1_132' title='bbox 941 2155 1037 2237; x_wconf 92' lang='lat' dir='ltr'>idque</span> <span class='ocrx_word' id='word_1_133' title='bbox 1060 2155 1109 2220; x_wconf 89' lang='lat' dir='ltr'>ita</span> <span class='ocrx_word' id='word_1_134' title='bbox 1130 2161 1168 2220; x_wconf 91' lang='lat' dir='ltr'>ut</span> <span class='ocrx_word' id='word_1_135' title='bbox 1182 2154 1416 2222; x_wconf 86' lang='lat' dir='ltr'>Erasistratum</span> 
     </span>
     <span class='ocr_line' id='line_1_17' title="bbox 191 2261 1417 2345; baseline -0.001 -17"><span class='ocrx_word' id='word_1_136' title='bbox 191 2268 401 2345; x_wconf 88' lang='lat' dir='ltr'>compararet.</span> <span class='ocrx_word' id='word_1_137' title='bbox 457 2262 556 2328; x_wconf 87' lang='lat' dir='ltr'>Vides</span> <span class='ocrx_word' id='word_1_138' title='bbox 590 2262 652 2328; x_wconf 87' lang='lat' dir='ltr'>viri</span> <span class='ocrx_word' id='word_1_139' title='bbox 685 2262 920 2327; x_wconf 85' lang='lat' dir='ltr'>auctoritatem.</span> <span class='ocrx_word' id='word_1_140' title='bbox 975 2261 1054 2326; x_wconf 81' lang='lat' dir='ltr'>Cum</span> <span class='ocrx_word' id='word_1_141' title='bbox 1083 2261 1167 2328; x_wconf 88' lang='lat' dir='ltr'>alter</span> <span class='ocrx_word' id='word_1_142' title='bbox 1197 2263 1324 2328; x_wconf 83' lang='lat' dir='ltr'>omnine</span> <span class='ocrx_word' id='word_1_143' title='bbox 1353 2281 1417 2328; x_wconf 92' lang='lat' dir='ltr'>ncn</span> 
     </span>
     <span class='ocr_line' id='line_1_18' title="bbox 190 2367 1337 2450; baseline 0.002 -18"><span class='ocrx_word' id='word_1_144' title='bbox 190 2373 286 2433; x_wconf 88' lang='lat' dir='ltr'>notus</span> <span class='ocrx_word' id='word_1_145' title='bbox 310 2367 352 2432; x_wconf 87' lang='lat' dir='ltr'>sit</span> <span class='ocrx_word' id='word_1_146' title='bbox 376 2367 572 2449; x_wconf 85' lang='lat' dir='ltr'>Theodorus,</span> <span class='ocrx_word' id='word_1_147' title='bbox 597 2367 667 2434; x_wconf 91' lang='lat' dir='ltr'>iure</span> <span class='ocrx_word' id='word_1_148' title='bbox 690 2369 732 2433; x_wconf 89' lang='lat' dir='ltr'>ad</span> <span class='ocrx_word' id='word_1_149' title='bbox 754 2368 915 2434; x_wconf 89' lang='lat' dir='ltr'>Athenaei</span> <span class='ocrx_word' id='word_1_150' title='bbox 937 2367 1113 2434; x_wconf 89' lang='lat' dir='ltr'>redibimus</span> <span class='ocrx_word' id='word_1_151' title='bbox 1136 2367 1337 2450; x_wconf 89' lang='lat' dir='ltr'>discipulum.</span> 
     </span>
    </p>

    <p class='ocr_par' dir='ltr' id='par_1_5' title="bbox 191 2469 1418 3517">
     <span class='ocr_line' id='line_1_19' title="bbox 278 2469 1416 2561; baseline -0.001 -22"><span class='ocrx_word' id='word_1_152' title='bbox 278 2475 308 2539; x_wconf 91' lang='lat' dir='ltr'>d.</span> <span class='ocrx_word' id='word_1_153' title='bbox 335 2475 543 2541; x_wconf 86' lang='lat' dir='ltr'>Thaletum</span> <span class='ocrx_word' id='word_1_154' title='bbox 565 2475 640 2540; x_wconf 90' lang='lat'>138</span> <span class='ocrx_word' id='word_1_155' title='bbox 663 2477 809 2558; x_wconf 83' lang='grc' dir='ltr'><strong><em>πέμπτος</em></strong></span> <span class='ocrx_word' id='word_1_156' title='bbox 830 2475 980 2561; x_wconf 75' lang='grc' dir='ltr'><strong><em>νεώτερος</em></strong></span> <span class='ocrx_word' id='word_1_157' title='bbox 1002 2474 1131 2553; x_wconf 79' lang='grc' dir='ltr'><strong><em>ἄδοξος,</em></strong></span> <span class='ocrx_word' id='word_1_158' title='bbox 1156 2469 1199 2540; x_wconf 80' lang='grc' dir='ltr'>οὗ</span> <span class='ocrx_word' id='word_1_159' title='bbox 1223 2479 1416 2560; x_wconf 78' lang='grc' dir='ltr'><strong><em>μέμνηται</em></strong></span> 
     </span>
     <span class='ocr_line' id='line_1_20' title="bbox 191 2578 1416 2668; baseline -0.002 -22"><span class='ocrx_word' id='word_1_160' title='bbox 191 2579 399 2657; x_wconf 77' lang='grc' dir='ltr'><strong><em>Διονύσιος</em></strong></span> <span class='ocrx_word' id='word_1_161' title='bbox 437 2582 478 2648; x_wconf 74' lang='grc' dir='ltr'><strong><em>ἓν</em></strong></span> <span class='ocrx_word' id='word_1_162' title='bbox 521 2587 733 2668; x_wconf 74' lang='grc' dir='ltr'><strong><em>Κριτικοῖς·</em></strong></span> <span class='ocrx_word' id='word_1_163' title='bbox 772 2582 868 2648; x_wconf 86' lang='lat' dir='ltr'>Mitto</span> <span class='ocrx_word' id='word_1_164' title='bbox 909 2582 1108 2648; x_wconf 81' lang='lat' dir='ltr'>coniecturas</span> <span class='ocrx_word' id='word_1_165' title='bbox 1154 2578 1202 2648; x_wconf 69' lang='lat' dir='ltr'>‘tv</span> <span class='ocrx_word' id='word_1_166' title='bbox 1239 2579 1416 2667; x_wconf 74' lang='lat' dir='ltr'>Kpprcxctg‘</span> 
     </span>
     <span class='ocr_line' id='line_1_21' title="bbox 192 2683 1417 2776; baseline -0.002 -22"><span class='ocrx_word' id='word_1_167' title='bbox 192 2687 381 2770; x_wconf 82' lang='lat' dir='ltr'>Casaubeni,</span> <span class='ocrx_word' id='word_1_168' title='bbox 396 2683 682 2776; x_wconf 71' lang='lat' dir='ltr'>‘&#39;Ovarpcapcrtaotc’</span> <span class='ocrx_word' id='word_1_169' title='bbox 693 2686 903 2770; x_wconf 86' lang='lat' dir='ltr'>Bernhardyi.</span> <span class='ocrx_word' id='word_1_170' title='bbox 921 2688 1007 2754; x_wconf 88' lang='lat' dir='ltr'>Male</span> <span class='ocrx_word' id='word_1_171' title='bbox 1020 2689 1118 2754; x_wconf 88' lang='lat' dir='ltr'>etiam</span> <span class='ocrx_word' id='word_1_172' title='bbox 1128 2687 1252 2769; x_wconf 87' lang='lat' dir='ltr'>placuit</span> <span class='ocrx_word' id='word_1_173' title='bbox 1264 2685 1417 2753; x_wconf 83' lang='lat' dir='ltr'>Graefen-</span> 
     </span>
     <span class='ocr_line' id='line_1_22' title="bbox 191 2793 1417 2878; baseline 0 -20"><span class='ocrx_word' id='word_1_174' title='bbox 191 2794 287 2860; x_wconf 88' lang='lat' dir='ltr'>hanio</span> <span class='ocrx_word' id='word_1_175' title='bbox 303 2795 449 2878; x_wconf 86' lang='lat' dir='ltr'>Dionysii</span> <span class='ocrx_word' id='word_1_176' title='bbox 470 2795 602 2862; x_wconf 90' lang='lat' dir='ltr'>Thracis</span> <span class='ocrx_word' id='word_1_177' title='bbox 625 2795 742 2861; x_wconf 92' lang='lat' dir='ltr'>librum</span> <span class='ocrx_word' id='word_1_178' title='bbox 765 2795 873 2861; x_wconf 85' lang='lat' dir='ltr'>nescio</span> <span class='ocrx_word' id='word_1_179' title='bbox 897 2813 991 2877; x_wconf 90' lang='lat' dir='ltr'>quem</span> <span class='ocrx_word' id='word_1_180' title='bbox 1015 2793 1198 2877; x_wconf 79' lang='lat' dir='ltr'>significari.</span> <span class='ocrx_word' id='word_1_181' title='bbox 1237 2794 1417 2860; x_wconf 87' lang='lat' dir='ltr'>Halicar-</span> 
     </span>
     <span class='ocr_line' id='line_1_23' title="bbox 191 2899 1417 2987; baseline 0 -21"><span class='ocrx_word' id='word_1_182' title='bbox 191 2903 376 2967; x_wconf 83' lang='lat' dir='ltr'>nasensis</span> <span class='ocrx_word' id='word_1_183' title='bbox 402 2901 511 2983; x_wconf 88' lang='lat' dir='ltr'>potius</span> <span class='ocrx_word' id='word_1_184' title='bbox 539 2902 622 2968; x_wconf 88' lang='lat' dir='ltr'>liber</span> <span class='ocrx_word' id='word_1_185' title='bbox 645 2901 716 2987; x_wconf 78' lang='lat' dir='ltr'>napi</span> <span class='ocrx_word' id='word_1_186' title='bbox 741 2899 902 2984; x_wconf 80' lang='grc' dir='ltr'><strong><em>μιμήσεως</em></strong></span> <span class='ocrx_word' id='word_1_187' title='bbox 929 2906 979 2967; x_wconf 90' lang='lat' dir='ltr'>est</span> <span class='ocrx_word' id='word_1_188' title='bbox 1001 2901 1246 2982; x_wconf 85' lang='lat' dir='ltr'>intellegendus.</span> <span class='ocrx_word' id='word_1_189' title='bbox 1292 2900 1417 2983; x_wconf 89' lang='lat' dir='ltr'>Inque</span> 
     </span>
     <span class='ocr_line' id='line_1_24' title="bbox 192 3005 1415 3096; baseline -0.002 -23"><span class='ocrx_word' id='word_1_190' title='bbox 192 3026 263 3073; x_wconf 92' lang='lat' dir='ltr'>cum</span> <span class='ocrx_word' id='word_1_191' title='bbox 279 3013 443 3074; x_wconf 84' lang='lat' dir='ltr'>exerceret</span> <span class='ocrx_word' id='word_1_192' title='bbox 458 3005 605 3094; x_wconf 75' lang='grc' dir='ltr'><strong><em>ἀρχαίων</em></strong></span> <span class='ocrx_word' id='word_1_193' title='bbox 627 3013 731 3096; x_wconf 77' lang='grc' dir='ltr'><strong><em>κρίσιν</em></strong></span> <span class='ocrx_word' id='word_1_194' title='bbox 754 3013 787 3074; x_wconf 91' lang='lat' dir='ltr'>et</span> <span class='ocrx_word' id='word_1_195' title='bbox 802 3007 882 3089; x_wconf 85' lang='lat' dir='ltr'>ipsc,</span> <span class='ocrx_word' id='word_1_196' title='bbox 909 3007 1060 3095; x_wconf 67' lang='lat' dir='ltr'>‘repararis’</span> <span class='ocrx_word' id='word_1_197' title='bbox 1086 3009 1156 3073; x_wconf 89' lang='lat' dir='ltr'>iure</span> <span class='ocrx_word' id='word_1_198' title='bbox 1176 3007 1359 3074; x_wconf 83' lang='lat' dir='ltr'>nominatur</span> <span class='ocrx_word' id='word_1_199' title='bbox 1375 3043 1415 3054; x_wconf 89' lang='lat'><em>-</em></span> 
     </span>
     <span class='ocr_line' id='line_1_25' title="bbox 191 3113 1417 3198; baseline -0.001 -19"><span class='ocrx_word' id='word_1_200' title='bbox 191 3114 280 3179; x_wconf 90' lang='lat' dir='ltr'>velut</span> <span class='ocrx_word' id='word_1_201' title='bbox 307 3115 341 3179; x_wconf 95' lang='lat' dir='ltr'>in</span> <span class='ocrx_word' id='word_1_202' title='bbox 369 3114 455 3180; x_wconf 87' lang='lat' dir='ltr'>Isaei</span> <span class='ocrx_word' id='word_1_203' title='bbox 482 3115 550 3181; x_wconf 87' lang='lat' dir='ltr'>vita</span> <span class='ocrx_word' id='word_1_204' title='bbox 578 3115 678 3180; x_wconf 87' lang='lat' dir='ltr'>tertia</span> <span class='ocrx_word' id='word_1_205' title='bbox 700 3113 939 3198; x_wconf 88' lang='lat' dir='ltr'>[Westermann</span> <span class='ocrx_word' id='word_1_206' title='bbox 967 3133 999 3194; x_wconf 95' lang='lat' dir='ltr'>p.</span> <span class='ocrx_word' id='word_1_207' title='bbox 1017 3115 1080 3178; x_wconf 81' lang='lat'>261</span> <span class='ocrx_word' id='word_1_208' title='bbox 1114 3113 1241 3180; x_wconf 83' lang='lat' dir='ltr'>conlato</span> <span class='ocrx_word' id='word_1_209' title='bbox 1263 3113 1417 3196; x_wconf 85' lang='lat' dir='ltr'>Dionysio</span> 
     </span>
     <span class='ocr_line' id='line_1_26' title="bbox 192 3218 1416 3306; baseline -0.001 -20"><span class='ocrx_word' id='word_1_210' title='bbox 192 3221 233 3286; x_wconf 93' lang='lat' dir='ltr'>de</span> <span class='ocrx_word' id='word_1_211' title='bbox 246 3221 339 3286; x_wconf 88' lang='lat' dir='ltr'>Isaeo</span> <span class='ocrx_word' id='word_1_212' title='bbox 362 3241 393 3302; x_wconf 92' lang='lat' dir='ltr'>p.</span> <span class='ocrx_word' id='word_1_213' title='bbox 413 3223 477 3286; x_wconf 83' lang='grc'>586</span> <span class='ocrx_word' id='word_1_214' title='bbox 494 3239 541 3304; x_wconf 91' lang='lat' dir='ltr'>sq.</span> <span class='ocrx_word' id='word_1_215' title='bbox 558 3220 691 3304; x_wconf 88' lang='lat' dir='ltr'>Reiske]</span> <span class='ocrx_word' id='word_1_216' title='bbox 708 3225 801 3286; x_wconf 84' lang='lat' dir='ltr'>-et</span> <span class='ocrx_word' id='word_1_217' title='bbox 824 3238 905 3300; x_wconf 87' lang='lat' dir='ltr'>epus</span> <span class='ocrx_word' id='word_1_218' title='bbox 925 3219 1006 3285; x_wconf 90' lang='lat' dir='ltr'>illud</span> <span class='ocrx_word' id='word_1_219' title='bbox 1029 3218 1171 3306; x_wconf 68' lang='lat' dir='ltr'>‘spartaci’</span> <span class='ocrx_word' id='word_1_220' title='bbox 1197 3226 1272 3302; x_wconf 90' lang='lat' dir='ltr'>apte</span> <span class='ocrx_word' id='word_1_221' title='bbox 1289 3219 1416 3286; x_wconf 91' lang='lat' dir='ltr'>dicitur.</span> 
     </span>
     <span class='ocr_line' id='line_1_27' title="bbox 192 3325 1418 3410; baseline 0.001 -19"><span class='ocrx_word' id='word_1_222' title='bbox 192 3327 283 3392; x_wconf 89' lang='lat' dir='ltr'>Adde</span> <span class='ocrx_word' id='word_1_223' title='bbox 305 3329 391 3410; x_wconf 91' lang='lat' dir='ltr'>qucd</span> <span class='ocrx_word' id='word_1_224' title='bbox 414 3329 552 3394; x_wconf 87' lang='lat' dir='ltr'>alterum</span> <span class='ocrx_word' id='word_1_225' title='bbox 575 3328 718 3394; x_wconf 89' lang='lat' dir='ltr'>eiusdem</span> <span class='ocrx_word' id='word_1_226' title='bbox 741 3327 816 3393; x_wconf 89' lang='lat' dir='ltr'>libri</span> <span class='ocrx_word' id='word_1_227' title='bbox 838 3325 1053 3410; x_wconf 81' lang='lat' dir='ltr'>fragmentum</span> <span class='ocrx_word' id='word_1_228' title='bbox 1077 3346 1175 3410; x_wconf 86' lang='lat' dir='ltr'>supra</span> <span class='ocrx_word' id='word_1_229' title='bbox 1198 3347 1229 3409; x_wconf 92' lang='lat' dir='ltr'>p.</span> <span class='ocrx_word' id='word_1_230' title='bbox 1249 3329 1289 3392; x_wconf 87' lang='grc'>16</span> <span class='ocrx_word' id='word_1_231' title='bbox 1306 3346 1352 3409; x_wconf 89' lang='lat' dir='ltr'>sq.</span> <span class='ocrx_word' id='word_1_232' title='bbox 1377 3327 1418 3392; x_wconf 93' lang='lat' dir='ltr'>ab</span> 
     </span>
     <span class='ocr_line' id='line_1_28' title="bbox 192 3433 542 3517; baseline 0.011 -20"><span class='ocrx_word' id='word_1_233' title='bbox 192 3433 322 3500; x_wconf 87' lang='lat' dir='ltr'>Laertio</span> <span class='ocrx_word' id='word_1_234' title='bbox 352 3436 542 3517; x_wconf 85' lang='lat' dir='ltr'>accepimus</span> 
     </span>
    </p>

    <p class='ocr_par' dir='ltr' id='par_1_6' title="bbox 284 3539 1242 3624">
     <span class='ocr_line' id='line_1_29' title="bbox 284 3539 1242 3624; baseline 0.002 -20"><span class='ocrx_word' id='word_1_235' title='bbox 284 3541 352 3605; x_wconf 90' lang='lat' dir='ltr'>Iam</span> <span class='ocrx_word' id='word_1_236' title='bbox 377 3539 471 3606; x_wconf 89' lang='lat' dir='ltr'>facile</span> <span class='ocrx_word' id='word_1_237' title='bbox 495 3541 534 3606; x_wconf 90' lang='lat' dir='ltr'>de</span> <span class='ocrx_word' id='word_1_238' title='bbox 558 3539 814 3624; x_wconf 83' lang='lat' dir='ltr'>Pythagorarum</span> <span class='ocrx_word' id='word_1_239' title='bbox 837 3540 977 3605; x_wconf 89' lang='lat' dir='ltr'>indiculo</span> <span class='ocrx_word' id='word_1_240' title='bbox 1000 3539 1058 3606; x_wconf 90' lang='lat' dir='ltr'>fiet</span> <span class='ocrx_word' id='word_1_241' title='bbox 1081 3540 1242 3606; x_wconf 86' lang='lat' dir='ltr'>indicium.</span> 
     </span>
    </p>

    <p class='ocr_par' dir='ltr' id='par_1_7' title="bbox 282 3645 1418 3734">
     <span class='ocr_line' id='line_1_30' title="bbox 282 3645 1418 3734; baseline -0.003 -22"><span class='ocrx_word' id='word_1_242' title='bbox 282 3665 311 3712; x_wconf 81' lang='lat' dir='ltr'>e.</span> <span class='ocrx_word' id='word_1_243' title='bbox 334 3647 412 3713; x_wconf 89' lang='lat' dir='ltr'>VIII</span> <span class='ocrx_word' id='word_1_244' title='bbox 427 3650 469 3711; x_wconf 78' lang='lat'>47</span> <span class='ocrx_word' id='word_1_245' title='bbox 495 3645 588 3731; x_wconf 84' lang='grc' dir='ltr'><strong><em>[ἔνιοι</em></strong></span> <span class='ocrx_word' id='word_1_246' title='bbox 610 3649 779 3727; x_wconf 78' lang='grc' dir='ltr'><strong><em>γεγονέναι</em></strong></span> <span class='ocrx_word' id='word_1_247' title='bbox 804 3645 900 3731; x_wconf 85' lang='grc' dir='ltr'><strong><em>φασι]</em></strong></span> <span class='ocrx_word' id='word_1_248' title='bbox 923 3646 977 3709; x_wconf 83' lang='grc' dir='ltr'><strong><em>καὶ</em></strong></span> <span class='ocrx_word' id='word_1_249' title='bbox 1000 3650 1110 3734; x_wconf 76' lang='grc' dir='ltr'><strong><em>ἕτερον</em></strong></span> <span class='ocrx_word' id='word_1_250' title='bbox 1127 3647 1258 3733; x_wconf 79' lang='grc' dir='ltr'><strong><em>Δωρικὰ</em></strong></span> <span class='ocrx_word' id='word_1_251' title='bbox 1274 3666 1418 3733; x_wconf 80' lang='grc' dir='ltr'><strong><em>πεπραγ-</em></strong></span> 
     </span>
    </p>

    <p class='ocr_par' dir='ltr' id='par_1_8' title="bbox 192 3785 1418 4299">
     <span class='ocr_line' id='line_1_31' title="bbox 267 3785 1418 3857; baseline -0.002 -17"><span class='ocrx_word' id='word_1_252' title='bbox 267 3785 305 3856; x_wconf 68' lang='lat'>29)</span> <span class='ocrx_word' id='word_1_253' title='bbox 322 3787 356 3840; x_wconf 90' lang='lat' dir='ltr'>N.</span> <span class='ocrx_word' id='word_1_254' title='bbox 375 3788 402 3841; x_wconf 92' lang='lat' dir='ltr'>h.</span> <span class='ocrx_word' id='word_1_255' title='bbox 420 3787 474 3842; x_wconf 88' lang='lat' dir='ltr'>XX</span> <span class='ocrx_word' id='word_1_256' title='bbox 492 3788 527 3842; x_wconf 90' lang='grc'>40</span> <span class='ocrx_word' id='word_1_257' title='bbox 549 3787 628 3857; x_wconf 76' lang='lat'>[102]</span> <span class='ocrx_word' id='word_1_258' title='bbox 654 3788 818 3840; x_wconf 82' lang='lat' dir='ltr'>‘Ceterorum</span> <span class='ocrx_word' id='word_1_259' title='bbox 841 3791 914 3838; x_wconf 74' lang='lat' dir='ltr'>bulci</span> <span class='ocrx_word' id='word_1_260' title='bbox 935 3805 968 3839; x_wconf 82' lang='lat' dir='ltr'>ex</span> <span class='ocrx_word' id='word_1_261' title='bbox 991 3795 1060 3839; x_wconf 83' lang='lat' dir='ltr'>aceto</span> <span class='ocrx_word' id='word_1_262' title='bbox 1081 3795 1107 3839; x_wconf 85' lang='lat' dir='ltr'>et</span> <span class='ocrx_word' id='word_1_263' title='bbox 1128 3791 1239 3854; x_wconf 78' lang='lat' dir='ltr'>sulpure</span> <span class='ocrx_word' id='word_1_264' title='bbox 1264 3790 1418 3839; x_wconf 72' lang='lat' dir='ltr'>vulneribus</span> 
     </span>
     <span class='ocr_line' id='line_1_32' title="bbox 193 3880 1417 3947; baseline 0.001 -20"><span class='ocrx_word' id='word_1_265' title='bbox 193 3881 220 3928; x_wconf 83' lang='lat' dir='ltr'>in</span> <span class='ocrx_word' id='word_1_266' title='bbox 232 3880 308 3947; x_wconf 72' lang='lat' dir='ltr'>saa&#39;e</span> <span class='ocrx_word' id='word_1_267' title='bbox 326 3882 471 3938; x_wconf 81' lang='lat' dir='ltr'>medentur,</span> <span class='ocrx_word' id='word_1_268' title='bbox 489 3883 541 3943; x_wconf 83' lang='lat' dir='ltr'>per</span> <span class='ocrx_word' id='word_1_269' title='bbox 559 3895 587 3928; x_wconf 81' lang='lat' dir='ltr'>se</span> <span class='ocrx_word' id='word_1_270' title='bbox 603 3895 666 3929; x_wconf 87' lang='lat' dir='ltr'>vero</span> <span class='ocrx_word' id='word_1_271' title='bbox 684 3880 742 3928; x_wconf 78' lang='lat' dir='ltr'>triti</span> <span class='ocrx_word' id='word_1_272' title='bbox 758 3893 901 3928; x_wconf 80' lang='lat' dir='ltr'>nervorum</span> <span class='ocrx_word' id='word_1_273' title='bbox 922 3880 1093 3929; x_wconf 75' lang='lat' dir='ltr'>contractrhni</span> <span class='ocrx_word' id='word_1_274' title='bbox 1108 3885 1183 3929; x_wconf 80' lang='lat' dir='ltr'>etex</span> <span class='ocrx_word' id='word_1_275' title='bbox 1200 3881 1260 3929; x_wconf 81' lang='lat' dir='ltr'>vino</span> <span class='ocrx_word' id='word_1_276' title='bbox 1273 3880 1417 3944; x_wconf 79' lang='lat' dir='ltr'>pcm&#39;gs&#39;m‘,</span> 
     </span>
     <span class='ocr_line' id='line_1_33' title="bbox 192 3968 1418 4033; baseline 0.001 -17"><span class='ocrx_word' id='word_1_277' title='bbox 192 3984 252 4017; x_wconf 87' lang='lat' dir='ltr'>cum</span> <span class='ocrx_word' id='word_1_278' title='bbox 276 3970 353 4017; x_wconf 86' lang='lat' dir='ltr'>melle</span> <span class='ocrx_word' id='word_1_279' title='bbox 376 3983 470 4018; x_wconf 84' lang='lat' dir='ltr'>canum</span> <span class='ocrx_word' id='word_1_280' title='bbox 493 3969 639 4023; x_wconf 65' lang='lat' dir='ltr'>morardusr</span> <span class='ocrx_word' id='word_1_281' title='bbox 662 3968 875 4018; x_wconf 79' lang='lat' dir='ltr'>Erasistrato</span> <span class='ocrx_word' id='word_1_282' title='bbox 893 3970 983 4032; x_wconf 79' lang='lat' dir='ltr'>placet</span> <span class='ocrx_word' id='word_1_283' title='bbox 1005 3985 1064 4018; x_wconf 76' lang='lat' dir='ltr'>mm</span> <span class='ocrx_word' id='word_1_284' title='bbox 1081 3969 1148 4033; x_wconf 82' lang='lat' dir='ltr'>pice.</span> <span class='ocrx_word' id='word_1_285' title='bbox 1190 3969 1264 4018; x_wconf 76' lang='lat' dir='ltr'>Idm</span> <span class='ocrx_word' id='word_1_286' title='bbox 1286 3970 1418 4032; x_wconf 76' lang='lat' dir='ltr'>sanguim</span> 
     </span>
     <span class='ocr_line' id='line_1_34' title="bbox 192 4057 1418 4125; baseline -0.001 -19"><span class='ocrx_word' id='word_1_287' title='bbox 192 4059 284 4106; x_wconf 71' lang='lat' dir='ltr'>sistere</span> <span class='ocrx_word' id='word_1_288' title='bbox 306 4073 349 4106; x_wconf 88' lang='lat' dir='ltr'>eos</span> <span class='ocrx_word' id='word_1_289' title='bbox 367 4059 450 4107; x_wconf 81' lang='lat' dir='ltr'>tradit</span> <span class='ocrx_word' id='word_1_290' title='bbox 466 4057 552 4107; x_wconf 62' lang='lat' dir='ltr'>aazias</span> <span class='ocrx_word' id='word_1_291' title='bbox 569 4073 628 4107; x_wconf 75' lang='lat' dir='ltr'>mm</span> <span class='ocrx_word' id='word_1_292' title='bbox 646 4059 739 4113; x_wconf 83' lang='lat' dir='ltr'>melle,·</span> <span class='ocrx_word' id='word_1_293' title='bbox 756 4059 807 4106; x_wconf 80' lang='lat' dir='ltr'>alii</span> <span class='ocrx_word' id='word_1_294' title='bbox 822 4059 877 4106; x_wconf 81' lang='lat' dir='ltr'>sie</span> <span class='ocrx_word' id='word_1_295' title='bbox 894 4059 1005 4107; x_wconf 73' lang='lat' dir='ltr'>narshus</span> <span class='ocrx_word' id='word_1_296' title='bbox 1019 4057 1100 4124; x_wconf 79' lang='lat' dir='ltr'>fluat,</span> <span class='ocrx_word' id='word_1_297' title='bbox 1119 4057 1288 4107; x_wconf 73' lang='lat' dir='ltr'>corsiandrum</span> <span class='ocrx_word' id='word_1_298' title='bbox 1307 4063 1333 4105; x_wconf 80' lang='lat' dir='ltr'>et</span> <span class='ocrx_word' id='word_1_299' title='bbox 1346 4058 1418 4125; x_wconf 80' lang='lat' dir='ltr'>saci·</span> 
     </span>
     <span class='ocr_line' id='line_1_35' title="bbox 193 4145 1418 4210; baseline 0.001 -17"><span class='ocrx_word' id='word_1_300' title='bbox 193 4161 256 4194; x_wconf 84' lang='lat' dir='ltr'>nam</span> <span class='ocrx_word' id='word_1_301' title='bbox 276 4147 400 4195; x_wconf 80' lang='lat' dir='ltr'>adz&#39;czimt.</span> <span class='ocrx_word' id='word_1_302' title='bbox 447 4145 635 4196; x_wconf 79' lang='lat' dir='ltr'>Theodorus</span> <span class='ocrx_word' id='word_1_303' title='bbox 657 4151 684 4196; x_wconf 83' lang='lat' dir='ltr'>et</span> <span class='ocrx_word' id='word_1_304' title='bbox 703 4147 819 4195; x_wconf 80' lang='lat' dir='ltr'>lz&#39;clrmas</span> <span class='ocrx_word' id='word_1_305' title='bbox 841 4163 875 4196; x_wconf 81' lang='lat' dir='ltr'>ex</span> <span class='ocrx_word' id='word_1_306' title='bbox 898 4152 968 4196; x_wconf 83' lang='lat' dir='ltr'>aceto</span> <span class='ocrx_word' id='word_1_307' title='bbox 992 4148 1078 4196; x_wconf 67' lang='lat' dir='ltr'>bulbis</span> <span class='ocrx_word' id='word_1_308' title='bbox 1100 4151 1184 4205; x_wconf 83' lang='lat' dir='ltr'>curat,</span> <span class='ocrx_word' id='word_1_309' title='bbox 1206 4147 1368 4210; x_wconf 74' lang='lat' dir='ltr'>erumpmtia</span> <span class='ocrx_word' id='word_1_310' title='bbox 1390 4148 1418 4194; x_wconf 83' lang='lat' dir='ltr'>r&#39;n</span> 
     </span>
     <span class='ocr_line' id='line_1_36' title="bbox 192 4235 1418 4299; baseline -0.001 -16"><span class='ocrx_word' id='word_1_311' title='bbox 192 4237 275 4298; x_wconf 81' lang='lat' dir='ltr'>capite</span> <span class='ocrx_word' id='word_1_312' title='bbox 293 4251 352 4284; x_wconf 87' lang='lat' dir='ltr'>cum</span> <span class='ocrx_word' id='word_1_313' title='bbox 370 4237 431 4284; x_wconf 83' lang='lat' dir='ltr'>vino</span> <span class='ocrx_word' id='word_1_314' title='bbox 449 4241 553 4285; x_wconf 75' lang='lat' dir='ltr'>ausim</span> <span class='ocrx_word' id='word_1_315' title='bbox 571 4241 620 4284; x_wconf 88' lang='lat' dir='ltr'>aut</span> <span class='ocrx_word' id='word_1_316' title='bbox 636 4251 698 4291; x_wconf 85' lang='lat' dir='ltr'><strong><em>ov0,·</em></strong></span> <span class='ocrx_word' id='word_1_317' title='bbox 716 4241 741 4285; x_wconf 84' lang='lat' dir='ltr'>et</span> <span class='ocrx_word' id='word_1_318' title='bbox 757 4237 846 4284; x_wconf 77' lang='lat' dir='ltr'>culeos</span> <span class='ocrx_word' id='word_1_319' title='bbox 863 4236 993 4299; x_wconf 73' lang='lat' dir='ltr'>epiphoris</span> <span class='ocrx_word' id='word_1_320' title='bbox 1011 4237 1079 4285; x_wconf 71' lang='lat' dir='ltr'>rilem</span> <span class='ocrx_word' id='word_1_321' title='bbox 1097 4235 1187 4284; x_wconf 78' lang='lat' dir='ltr'>inla’m&#39;t</span> <span class='ocrx_word' id='word_1_322' title='bbox 1202 4240 1229 4283; x_wconf 88' lang='lat' dir='ltr'>et</span> <span class='ocrx_word' id='word_1_323' title='bbox 1243 4235 1324 4283; x_wconf 77' lang='lat' dir='ltr'>siccae</span> <span class='ocrx_word' id='word_1_324' title='bbox 1344 4235 1418 4298; x_wconf 48' lang='lat' dir='ltr'>lippi-</span> 
     </span>
    </p>
   </div>
   <div class='ocr_carea' id='block_1_5' title="bbox 192 4323 1419 4478">
    <p class='ocr_par' dir='ltr' id='par_1_9' title="bbox 192 4323 1419 4478">
     <span class='ocr_line' id='line_1_37' title="bbox 192 4323 1419 4391; baseline 0 -20"><span class='ocrx_word' id='word_1_325' title='bbox 192 4324 280 4372; x_wconf 80' lang='lat' dir='ltr'>tudini</span> <span class='ocrx_word' id='word_1_326' title='bbox 290 4324 373 4372; x_wconf 84' lang='lat' dir='ltr'>media</span> <span class='ocrx_word' id='word_1_327' title='bbox 386 4339 483 4373; x_wconf 75' lang='lat' dir='ltr'>emm.</span> <span class='ocrx_word' id='word_1_328' title='bbox 520 4323 586 4374; x_wconf 76' lang='lat' dir='ltr'>Vr&#39;tria</span> <span class='ocrx_word' id='word_1_329' title='bbox 604 4341 672 4388; x_wconf 85' lang='lat' dir='ltr'>quae</span> <span class='ocrx_word' id='word_1_330' title='bbox 687 4325 794 4373; x_wconf 78' lang='lat' dir='ltr'>suntin</span> <span class='ocrx_word' id='word_1_331' title='bbox 805 4324 889 4391; x_wconf 62' lang='lat' dir='ltr'>sacch,</span> <span class='ocrx_word' id='word_1_332' title='bbox 907 4325 1028 4372; x_wconf 72' lang='lat' dir='ltr'>madentes</span> <span class='ocrx_word' id='word_1_333' title='bbox 1040 4325 1154 4372; x_wconf 64' lang='lat' dir='ltr'>mambae</span> <span class='ocrx_word' id='word_1_334' title='bbox 1165 4324 1193 4371; x_wconf 83' lang='lat' dir='ltr'>in</span> <span class='ocrx_word' id='word_1_335' title='bbox 1208 4324 1262 4371; x_wconf 86' lang='lat' dir='ltr'>sole</span> <span class='ocrx_word' id='word_1_336' title='bbox 1279 4323 1351 4371; x_wconf 74' lang='lat' dir='ltr'>rislr&#39;ti</span> <span class='ocrx_word' id='word_1_337' title='bbox 1359 4338 1419 4372; x_wconf 83' lang='lat' dir='ltr'>cum</span> 
     </span>
     <span class='ocr_line' id='line_1_38' title="bbox 193 4406 1418 4478; baseline 0 -18"><span class='ocrx_word' id='word_1_338' title='bbox 193 4414 271 4460; x_wconf 86' lang='lat' dir='ltr'>melle</span> <span class='ocrx_word' id='word_1_339' title='bbox 288 4419 314 4461; x_wconf 87' lang='lat' dir='ltr'>et</span> <span class='ocrx_word' id='word_1_340' title='bbox 324 4415 393 4462; x_wconf 85' lang='lat' dir='ltr'>m‘tro</span> <span class='ocrx_word' id='word_1_341' title='bbox 405 4415 550 4473; x_wconf 78' lang='lat' dir='ltr'>emendant,</span> <span class='ocrx_word' id='word_1_342' title='bbox 569 4415 721 4478; x_wconf 78' lang='lat' dir='ltr'>lentiginem</span> <span class='ocrx_word' id='word_1_343' title='bbox 740 4429 799 4463; x_wconf 85' lang='lat' dir='ltr'>cum</span> <span class='ocrx_word' id='word_1_344' title='bbox 811 4415 871 4463; x_wconf 80' lang='grc' dir='ltr'>ταίιο</span> <span class='ocrx_word' id='word_1_345' title='bbox 883 4418 932 4461; x_wconf 86' lang='lat' dir='ltr'>aut</span> <span class='ocrx_word' id='word_1_346' title='bbox 942 4427 1001 4461; x_wconf 78' lang='lat' dir='ltr'>cum</span> <span class='ocrx_word' id='word_1_347' title='bbox 1013 4417 1090 4464; x_wconf 79' lang='lat' dir='ltr'>aceto.</span> <span class='ocrx_word' id='word_1_348' title='bbox 1117 4406 1152 4461; x_wconf 83' lang='lat' dir='ltr'>cl.</span> <span class='ocrx_word' id='word_1_349' title='bbox 1165 4407 1257 4462; x_wconf 84' lang='lat' dir='ltr'>XXIV</span> <span class='ocrx_word' id='word_1_350' title='bbox 1272 4409 1322 4462; x_wconf 76' lang='lat'>120</span> <span class='ocrx_word' id='word_1_351' title='bbox 1336 4408 1418 4478; x_wconf 72' lang='lat'>[1861.</span> 
     </span>
    </p>
   </div>
   <div class='ocr_carea' id='block_1_6' title="bbox 0 0 1765 5272">
    <p class='ocr_par' dir='ltr' id='par_1_10' title="bbox 0 0 1765 5272">
     <span class='ocr_line' id='line_1_39' title="bbox 0 0 1765 5272; baseline 0 0"><span class='ocrx_word' id='word_1_352' title='bbox 0 0 1765 5272; x_wconf 95' lang='lat' dir='ltr'> </span> 
     </span>
    </p>
   </div>
  </div>
 </body>
</html>
