3516 5272
328 543 369 606 66

327 726 434 803 ρΐνος
450 717 489 784 ἓν
505 719 747 809 παντοδαπῇ
764 717 934 806 ἱστορίᾳ·
951 718 1096 794 εἰπόντος
1111 719 1151 788 δέ
1165 743 1251 796 τινος
1265 717 1349 790 κατὰ
1364 714 1553 803 nomotd')

327 823 415 888 alca
439 822 624 910 φιλόσοφον
645 828 731 891 εἶναι
754 824 813 891 τὸν
835 822 998 908 ἐπιβάντα
1022 822 1200 894 ἀπέλυσαν.

416 932 586 1014 Apuleium
610 935 720 1002 statim
738 932 911 1000 conficiam.
952 933 1110 1014 Exposuit
1129 934 1283 1002 nonnulla
1305 952 1388 1016 quae
1404 933 1553 1002 Laertius

327 1039 450 1104 omisit:
482 1039 521 1104 de
551 1039 667 1121 quibus
696 1041 772 1123 quid
800 1039 862 1106 fiat
892 1041 1072 1106 videndum.
1136 1039 1240 1122 Caput
1267 1041 1394 1122 Apulei·
1412 1041 1553 1111 altarum

330 1142 376 1210 sic
400 1146 526 1226 incipit:
555 1145 665 1210 ‘Talis
689 1145 802 1232 igitm
824 1169 862 1212 ac
883 1145 1057 1213 dotalibus
1074 1148 1171 1213 Plato
1194 1143 1391 1214 ramsolam
1415 1149 1553 1214 heroum

326 1250 509 1316 virtutibus
534 1251 722 1336 praestitit,
752 1274 869 1318 veram
901 1252 1001 1318 etiam
1024 1252 1257 1338 aequiparavit
1281 1254 1396 1319 droam
1415 1261 1553 1340 potesta·

326 1356 422 1421 tibus.
447 1357 539 1421 Nam
552 1357 805 1446 Speusippus
816 1358 1047 1424 domesticis
1062 1360 1313 1426 documentis
1326 1361 1555 1428 instructas

327 1470 359 1528 et
384 1462 493 1548 pueri
524 1462 598 1527 eius
631 1485 706 1528 acre
740 1464 779 1530 in
808 1465 1021 1551 percipiendo
1055 1465 1233 1550 c'rrgem‘am
1271 1473 1303 1531 et
1334 1468 1555 1536 admirandae

326 1569 543 1634 verecundiae
567 1569 709 1636 indolem
733 1572 852 1638 laudat
872 1579 904 1638 ct
919 1571 1124 1658 pubescentis
1140 1572 1318 1658 primitias
1336 1575 1444 1640 labare
1459 1582 1555 1660 atque
1603 1645 1605 1649 ,

326 1700 438 1742 amore
468 1677 627 1742 studendi
653 1678 795 1744 imbutas
825 1681 931 1762 refert
955 1685 987 1743 et
1012 1679 1050 1742 iri
1084 1678 1159 1744 ciro
1193 1680 1317 1745 haram
1354 1680 1554 1748 sacramenta

244 1869 247 1873 .
325 1783 493 1848 virtatem
528 1789 560 1847 et
591 1790 774 1850 ceterorum
809 1785 995 1850 conoem'sse
1028 1792 1187 1850 testator.
1238 1788 1415 1856 Favorinus
1443 1825 1487 1838 -·
1518 1793 1555 1854 ut

325 1893 389 1956 iarn
419 1891 495 1956 licet
524 1892 630 1956 dicere
660 1911 720 1974 pro
749 1893 878 1958 Laertio
902 1894 949 1957 ΙΙΙ
977 1897 990 1956 l
1027 1932 1065 1939 —
1099 1913 1169 1958 curn
1201 1913 1277 1958 usus
1310 1895 1356 1960 sit
1384 1895 1555 1980 Speusippi

325 1999 513 2080 peridipno‚
544 2001 613 2064 sine
637 2000 733 2065 dubio
763 1999 842 2064 illud
871 2020 997 2082 quoque
1028 1999 1171 2083 fragmen
1203 2003 1233 2066 ei
1260 2003 1419 2083 praebuit.
1467 2003 1555 2068 Idem

326 2106 390 2169 iarn
419 2107 452 2170 in
481 2107 617 2172 alteram
647 2108 734 2173 cadit
756 2108 873 2189 Apulei
901 2109 1119 2173 narrationem
1151 2128 1233 2190 quae
1264 2115 1313 2173 est
1336 2110 1383 2174 'de
1405 2129 1442 2174 re
1463 2109 1554 2179 latni-

326 2212 399 2276 liari
424 2212 583 2277 Platonis:
619 2211 937 2293 Patrimom'amiri
959 2215 1093 2279 hortulo
1115 2214 1179 2300 qui
1198 2214 1396 2280 Academiae
1418 2215 1554 2285 tamtus

315 2317 402 2402 fait
421 2324 454 2383 et
474 2318 513 2384 in
540 2320 668 2384 duobos
689 2318 861 2384 mamistras
887 2324 919 2384 et
943 2319 983 2385 ia
999 2326 1133 2406 patera,
1164 2344 1232 2406 qua
1258 2322 1313 2388 dis
1337 2322 1550 2408 supplicabat,

325 2425 485 2510 reliquit:
522 2426 609 2491 auri
639 2432 772 2490 tamtam
806 2433 971 2511 pacatam
1000 2433 1091 2511 paer
1124 2426 1307 2492 nobilitatis
1340 2429 1477 2515 insigne
1514 2429 1553 2496 in

324 2532 485 2624 aare'cata,
502 2532 656 2618 gestavit.
1215 2605 1217 2612 Α
1396 2549 1399 2554 “

416 2640 553 2704 Restant
577 2639 674 2704 verba
698 2658 728 2719 p.
756 2642 818 2703 116
847 2638 969 2704 Pridie
997 2639 1161 2705 Socratem
1180 2640 1337 2727 gemitum
1360 2641 1551 2736 accepimus.
1637 2679 1644 2734 ,-

327 2748 415 2825 Quae
439 2765 495 2812 cur
519 2766 538 2810 a
562 2749 678 2812 ceteris
702 2752 888 2812 resecentur
911 2768 974 2812 non
998 2752 1058 2818 est.
1082 2746 1274 2828 praesertim
1299 2765 1369 2812 curn
1393 2745 1553 2827 Apollo-

327 2855 413 2919 dori
436 2855 582 2919 nitantur
611 2855 796 2923 testimonio
821 2855 942 2938 [Laert.
967 2854 1097 2937 1144],
1126 2872 1189 2934 quo
1218 2858 1345 2920 constat
1367 2871 1460 2921 usum
1483 2872 1553 2920 esse

326 2962 528 3030 Favorinum.
577 2963 667 3039 Quod
697 2964 725 3028 si
754 2981 818 3027 non
848 2965 880 3028 in
911 2963 1057 3028 Platonis
1088 2963 1155 3026 vita
1182 2961 1395 3038 Favorinioua
1424 2961 1554 3032 extabat

327 3074 415 3134 certe
438 3071 472 3134 in
494 3070 562 3134 vita
585 3069 740 3135 Socratis:
778 3071 811 3134 id
834 3071 919 3152 quod
942 3070 1092 3136 Laertius
1114 3068 1134 3132 l.
1162 3087 1188 3133 c.
1213 3066 1389 3142 coufirmat.
1442 3067 1554 3134 Totam

328 3177 426 3257 igitur
450 3177 566 3257 Apulei
589 3178 688 3242 vitain
711 3177 857 3242 Platonis
881 3177 1039 3242 Favorino
1063 3175 1302 3241 vindicavimus
1319 3212 1364 3222 -
1384 3175 1434 3242 Ad
1457 3175 1554 3240 Luer-

328 3284 408 3372 tium
432 3288 587 3349 revertor.

418 3390 453 3458 Si
475 3410 538 3456 uon
562 3390 769 3472 purissimum
793 3390 1043 3456 stultissimum
1066 3390 1187 3454 laertii
1216 3387 1337 3454 iontem
1365 3389 1553 3467 deteximus,

270 3567 275 3578 ,
328 3499 380 3564 cui
404 3503 592 3580 quantum
618 3494 734 3562 debeat
757 3498 861 3578 magis
884 3496 988 3562 adhuc
1011 3497 1198 3578 praesagire
1213 3515 1308 3577 quarn
1326 3501 1415 3560 certa
1429 3497 1554 3563 ratione

327 3602 405 3670 licet
429 3605 625 3686 dignoscere.
679 3606 725 3670 Ac
753 3605 891 3686 primum
914 3604 1042 3686 quidem
1070 3605 1103 3668 in
1132 3604 1286 3671 ‘Platonis
1314 3603 1389 3670 vita’
1420 3621 1555 3670 commo-

329 3712 465 3777 randum
490 3717 553 3794 est,
584 3711 900 3790 constituentur,
925 3729 1008 3792 quae
1031 3711 1189 3779 Favorino
1213 3729 1277 3776 non
1300 3710 1553 3790 assignavimus:

386 3839 417 3900 p.
433 3820 484 3899 69,
510 3819 643 3884 20—24
667 3818 755 3883 Mors
779 3817 998 3900 [Hermippus
1024 3818 1212 3902 Neanthes].

511 3926 642 3989 26-27
668 3924 774 4006 Pagus
798 3924 965 4008 [Antileol

513 4032 645 4095 32-34
668 4031 782 4095 Dionis
807 4032 958 4112 choragia
982 4030 1244 4114 [Athenodorus]

513 4139 646 4202 42-44
670 4137 792 4202 Nomen
817 4137 1019 4222 [Neanthes].

388 4265 420 4327 p.
435 4248 486 4324 70,
534 4245 601 4308 4-
625 4246 644 4307 5
668 4246 738 4309 Vox
761 4243 985 4328 [Timotheus]

333 4390 544 4399 ———

405 4475 442 4546 ⁶⁹)
462 4475 545 4531 Godd.
566 4473 631 4529 ἀλλὰ
650 4475 717 4528 κατὰ
736 4476 850 4528 παιδιὰν
869 4473 1026 4546 φιλόσοφον.
1064 4473 1241 4543 Transposuit
1261 4473 1495 4544 Wilamowitzius.
1518 4467 1523 4476 ⁸
