3516 5272
1305 427 1419 510 ’τι

286 622 627 708 τεσσαρεσκαιδέκατος
642 617 785 706 Ἐφέσιος
809 618 976 707 ζωγράφος
1004 615 1042 686 οὗ
1070 579 1226 706 μέμνηται
1249 623 1421 708 Θεοφάνης

69 822 72 825 ι
198 731 234 796 ἐν
257 733 302 816 aqi
326 735 399 815 περὶ
421 735 588 815 γραφικῆς.

287 836 511 918 Menipporum
533 835 579 902 VI
604 835 666 900 105
689 837 841 917 τέταρτος
864 829 1148 918 ἀνδριαντοποιός·

287 948 430 1025 πέμπτος
452 948 506 1006 καὶ
529 945 617 1017 ἕκτος
641 941 817 1026 ζωγράφοι·
845 945 1003 1026 μέμνηται
1032 940 1064 1004 δ’
1088 937 1282 1027 ἀμφοτέρων
1298 939 1421 1007 Ἀπολ-

198 1047 346 1132 λόδωρος.

287 1154 543 1237 Pythagorarum
566 1153 643 1219 VIII
666 1155 707 1217 47
738 1150 768 1218 οί
791 1153 828 1216 δὲ
850 1157 906 1216 καί
928 1153 1033 1219 ἄλλον
1060 1150 1333 1239 ἀνδριαντοποιὸν
1352 1151 1422 1239 Ῥη-

197 1269 290 1340 γῖνον
319 1263 488 1338 γεγονέναι
520 1259 600 1342 φασὶ
633 1255 836 1346 Πυθαγόραν
864 1264 993 1344 πρῶτον
1025 1259 1182 1326 δοκοῦντα
1210 1259 1341 1347 ῥυθμοῦ
1368 1260 1422 1324 καὶ

198 1370 393 1451 συμμετρίας
416 1363 631 1446 ἐστοχάσθαι·

287 1473 341 1537 καὶ
363 1472 467 1538 ἄλλον
491 1468 769 1557 ἀνδριαντοποιὸν
791 1469 925 1555 Σάμιον.

287 1580 457 1646 Thaletum
481 1579 563 1644 alter
586 1579 602 1643 Ι
626 1580 668 1645 38
693 1576 863 1663 ζωγράφος
885 1577 1061 1656 Σικυώνιος
1082 1580 1303 1667 μεγαλοφυής·

287 1675 421 1769 quartus
445 1679 482 1750 οὗ
505 1687 663 1770 μέμνηται
688 1685 807 1770 Δοῦρις
830 1685 866 1752 ἐν
888 1685 932 1772 τῷ
954 1693 1030 1772 περὶ
1054 1687 1241 1774 ζωγράφων.

158 1869 160 1872 ,
286 1793 516 1873 Duodeviginti
530 1793 727 1858 venumerari
751 1793 1091 1875 statuariospictores
1119 1794 1321 1876 sculptores,¹
1344 1815 1422 1861 non·

197 1902 302 1966 nullos
332 1901 372 1966 de
400 1899 532 1966 consilio
561 1899 663 1964 omisi.
716 1899 913 1981 Quamquam
941 1900 1021 1966 satis
1045 1901 1110 1966 scio
1139 1903 1294 1982 quosdam
1324 1903 1421 1967 etiarn

199 2005 339 2073 artificas
362 2006 403 2072 ad
427 2006 630 2072 scribendum
645 2005 809 2086 adpulisse
832 2006 981 2086 animum,
1007 2010 1040 2071 et
1063 2011 1139 2072 suut
1161 2008 1216 2089 qui
1234 2008 1314 2074 illud
1328 2027 1422 2090 prae·

200 2115 344 2182 stiteriut
373 2114 406 2178 in
433 2113 591 2178 indicibus
622 2112 804 2178 Laertianis
833 2111 935 2195 [velut
960 2114 1117 2178 Demetrii
1152 2115 1214 2180 duo
1244 2149 1286 2160 --
1317 2116 1423 2197 pictor

198 2227 231 2286 et
245 2221 421 2287 statuarius
438 2256 476 2266 -
496 2219 695 2285 Xenocrates
711 2218 795 2302 alii]:
812 2237 975 2301 nunquam
990 2224 1108 2300 tamen,
1126 2221 1252 2288 etiamsi
1269 2223 1423 2290 certiores

196 2328 275 2394 mihi
305 2347 370 2393 nou
405 2330 615 2408 suppeterent
642 2327 800 2406 rationes,
837 2327 999 2392 crederem
1028 2326 1256 2394 Scheuerleero
1292 2349 1421 2396 omues

197 2439 355 2517 quotquot
368 2451 466 2514 supra
477 2431 624 2498 recensui
636 2432 836 2512 scriptitasse
847 2433 998 2498 censenti.
1023 2433 1147 2498 Vanam
1157 2435 1242 2500 euim
1253 2438 1423 2518 proposuit

196 2541 279 2606 hano
302 2541 475 2606 rationem:
499 2538 792 2606 Demonstraudum
815 2543 868 2604 est
888 2543 1020 2619 praeter
1047 2541 1222 2621 scriptores
1245 2548 1423 2626 poetasque

195 2646 355 2712 nominari
371 2646 538 2711 neminem.
574 2645 643 2710 Iam
658 2663 734 2710 vero
751 2663 791 2710 cx
805 2663 869 2712 uno
885 2645 1048 2712 hominum
1064 2665 1181 2728 genere
1195 2650 1421 2730 septemdecim

196 2756 392 2836 comparent,
417 2770 553 2834 quorum
568 2756 693 2816 tautum
709 2752 803 2817 abest
817 2757 854 2818 ut
868 2753 1019 2817 laudetur
1035 2754 1195 2819 scribendi
1211 2756 1361 2837 studium,
1385 2763 1422 2822 ut

194 2860 291 2942 plane
307 2859 372 2923 alia
388 2864 486 2940 atque
502 2858 628 2924 diversa
644 2863 940 2938 commemorentur,
962 2859 1050 2924 velut
1065 2858 1268 2942 Pythagorae
1283 2861 1422 2944 Rhegiui

195 2966 394 3050 symmetria,
424 2965 567 3030 Thaletis
596 2966 753 3046 gravitas3
790 2965 830 3030 de
852 2964 1009 3030 Arcesilai
1038 2967 1200 3047 sculptore
1225 2969 1422 3049 epigramma

195 3072 421 3139 Simonideum.
482 3071 594 3136 Testes
632 3070 793 3151 prodeunt
830 3070 960 3138 Polemo
995 3072 1174 3153 Antigonus
1208 3073 1422 3154 Apollodoros

194 3179 458 3261 chronographus
496 3177 668 3258 Hipponax
708 3175 919 3258 Theophanes
958 3177 1150 3245 Meucdotus
1187 3179 1298 3246 Duris:
1345 3181 1422 3263 quid

193 3292 355 3352 testentur
371 3285 509 3350 celatum
525 3289 590 3363 est3
614 3283 797 3348 litterarum
814 3283 955 3349 studium
971 3283 1024 3350 vix
1038 3291 1175 3365 possunt
1190 3287 1304 3352 testati
1318 3287 1422 3352 videri

193 3393 373 3474 Antigonus
398 3397 430 3456 et
453 3391 593 3470 Polemo,
618 3388 706 3454 nullo
730 3395 826 3471 paeto
848 3390 1030 3472 Hipponax.
1077 3390 1294 3458 Nihilotameu
1318 3393 1421 3460 secius

192 3500 255 3564 iste
280 3499 364 3582 quod
391 3497 530 3578 probare
557 3496 646 3562 nullo
669 3501 765 3577 pacto
788 3501 897 3578 potest
924 3496 1053 3563 fortiter
1080 3497 1244 3579 adfirmat,
1270 3500 1422 3566 circulum

193 3624 288 3687 quem
310 3605 407 3686 logici
431 3604 541 3668 dicunt
562 3604 713 3669 vitiosum
737 3621 756 3666 a
781 3620 815 3666 se
838 3604 1013 3668 admissum
1036 3611 1107 3670 ess'e
1130 3605 1270 3686 ignarus

281 3711 414 3776 Accedit
437 3711 585 3778 alterum.
633 3712 693 3790 Qui
716 3710 768 3776 vel
797 3711 880 3775 sexti
908 3711 1074 3792 quintique
1102 3712 1222 3777 saeculi
1245 3714 1421 3780 statuarios

194 3856 233 3864 -
258 3818 347 3883 velut
370 3818 504 3882 Biouem
520 3816 743 3899 Anaxagoram
761 3817 978 3899 Pythagoram
994 3853 1035 3864 -
1055 3817 1094 3882 da
1118 3823 1189 3884 arte
1213 3838 1272 3886 sua
1295 3822 1421 3902 scripti-

192 3930 280 3990 tasse
305 3929 423 4005 ceuset,
448 3925 476 3988 is
496 3942 626 4006 prosam
643 3925 821 3991 orationem
837 3924 893 3989 illo
911 3925 1037 3988 demrun
1053 3929 1198 4007 tempore
1215 3944 1235 3991 a
1250 3929 1420 4009 perpaucis

193 4036 339 4112 coeptam
363 4049 434 4095 essa
458 4031 550 4096 condi
573 4031 671 4112 plane
699 4031 906 4096 obliviscitur.

281 4138 362 4202 Aliis
396 4141 469 4202 utar
494 4137 656 4218 exemphs.
700 4137 912 4219 Epicurorum
942 4136 973 4200 X
1001 4138 1043 4201 26
1078 4141 1182 4222 τρίτος
1215 4135 1419 4224 ὁπλομάχος·

192 4244 403 4310 Aristotelum
437 4243 465 4308 V
496 4243 537 4307 35
573 4242 708 4328 ἕβδομος
741 4244 952 4329 παιδοτρίβης
985 4239 1027 4318 ὡς
1054 4239 1275 4329 Ἀριστόξενος
1307 4245 1343 4312 ἒν
1376 4248 1421 4336 τῷ

194 4347 371 4425 Πλάτωνος
419 4353 493 4435 βίῳ·
538 4349 704 4416 Oratetum
746 4351 792 4416 IV
835 4351 876 4416 23
920 4355 1024 4437 τρίτος
1068 4349 1276 4438 ταφρωρύχος
1311 4348 1419 4434 'Alag-
