3506 5272
1360 514 1422 582 139

207 693 360 774 mippus
387 689 575 773 producitur
601 691 696 755 testis
725 694 757 755 et
786 694 959 772 usurpatur
983 689 1089 758 Sotio
1122 690 1173 775 [cf.
1199 692 1423 776 Gomperzium

206 800 276 870 Jen.
301 799 596 887 litteraturzeitung
621 797 705 862 1875
729 816 759 879 p.
779 796 866 882 665].
891 809 894 816 ’

435 1093 487 1150 IV.
517 1081 599 1170 Περὶ
622 1080 801 1168 ὁμωνύμων
823 1090 997 1158 fragmenta
1015 1106 1053 1146 cx
1072 1091 1200 1149 scholiis

613 1188 847 1260 Aristophanem
866 1189 1017 1246 conlecta.

297 1336 372 1400 Dixi
400 1355 431 1416 p.
459 1335 522 1399 128
552 1352 598 1417 sq.
631 1335 670 1400 de
700 1333 856 1416 catalogis
883 1332 1144 1418 homonymorum
1174 1336 1228 1420 qui
1257 1337 1366 1408 insunt
1392 1338 1425 1404 iu

207 1443 337 1510 scholiis
385 1438 704 1525 Aristophaucis¹⁶⁰).
767 1440 914 1524 Ipsorum
959 1461 1042 1510 nunc
1088 1443 1241 1510 subiciam
1286 1445 1425 1512 indicum

206 1551 375 1635 syllogam:

294 1657 529 1741 Agathonos
547 1658 628 1722 Rau.
646 1657 703 1722 83:
734 1659 762 1721 1.
779 1655 906 1738 Agatho
929 1657 1081 1739 tragicus.
1113 1655 1154 1746 ἦν
1175 1658 1214 1724 δὲ
1236 1664 1291 1723 καὶ
1312 1682 1425 1748 κωμῳ-

338 1762 473 1841 δοποιὸς
497 1772 553 1832 τοῦ
576 1762 779 1853 Σωκρατικοῦ
801 1762 1038 1830 διδασκαλείου.

296 1872 542 1939 Alcibiades.
567 1872 647 1937 Ran.
678 1873 774 1952 14223
809 1869 959 1953 γεγόνασι
981 1870 1019 1936 δὲ
1035 1867 1237 1954 Ἀλκιβιάδαι
1259 1872 1297 1939 δ’.

294 1979 529 2046 Antimachi.
555 1978 636 2045 Nub.
665 1981 764 2044 1022:
799 1978 842 2063 [1.
865 1974 883 2042 ὁ
907 1979 952 2054 εἰς
975 1975 1139 2064 θηλύτητα
1162 1977 1425 2070 κωμῳδούμενος]

341 2090 404 2152 ἐστὶ
438 2086 475 2150 δὲ
509 2084 563 2150 καὶ
597 2087 700 2170 ἕτερος
726 2085 781 2150 ἐπὶ
808 2088 946 2172 πονηρίᾳ
973 2082 1239 2172 κωμῳδούμενος·
1277 2091 1381 2177 τρίτος
1407 2086 1425 2154 δ

339 2192 499 2268 tutandam
521 2189 705 2278 λεγόμενος·
739 2197 884 2280 τέταρτος
907 2189 925 2257 ὁ
939 2192 1121 2280 τραπεζίτης
1137 2188 1173 2259 οὗ
1188 2199 1350 2284 μέμνηται
1365 2192 1425 2262 Εύ-

338 2303 432 2377 πολις
455 2301 490 2368 ἐν
513 2299 648 2388 Δήμοις·
672 2304 817 2385 πέμπτος
839 2297 859 2366 o‘
883 2300 1134 2388 ἱστοριογράφος.

296 2411 526 2479 Chaerides.
552 2409 609 2476 Av.
628 2411 706 2474 858:
746 2412 773 2476 1.
791 2408 924 2475 (lhaeris
941 2394 1155 2478 citharoedus.
1173 2410 1240 2476 ἐστὶ
1254 2411 1309 2476 καὶ
1324 2414 1426 2499 ἔτερος

348 2514 488 2606 αύλητής
510 2512 548 2584 οὗ
571 2515 763 2603 μνημονεύει
782 2517 940 2604 Κρατῖνος
963 2516 1000 2583 δν
1017 2521 1159 2602 Νεμέσει.
1194 2517 1239 2584 Ol
1257 2519 1330 2586 Pae.
1349 2521 1423 2586 951.

294 2627 508 2711 Diagorae.
535 2626 614 2690 Rau.
641 2626 720 2690 320:
764 2628 789 2690 1.
831 2626 990 2707 Diagoras
1018 2625 1141 2691 Melius.
1171 2629 1282 2707 γέγονε
1308 2625 1345 2690 δὲ
1371 2627 1427 2692 καὶ

339 2739 443 2823 ἕτερος
456 2730 708 2821 κωμῳδούμενος
723 2731 776 2797 ἐπὶ
790 2736 938 2818 μεγέθει·
955 2730 1136 2821 Ἕρμιππος
1152 2732 1188 2799 ἒν
1204 2735 1344 2822 Μοίραις
1359 2735 1423 2801 κτλ.

295 2843 562 2910 Execescides.
591 2841 648 2907 Au.
676 2843 731 2905 11:
771 2844 798 2907 1.
824 2840 894 2907 Car.
919 2839 987 2905 ἐστὶ
1009 2838 1046 2904 δὲ
1068 2845 1123 2905 καὶ
1146 2841 1311 2928 1τερος***
1336 2842 1426 2925 ιἔχων

262 3035 265 3040 ¹
313 2937 315 2940 ’
339 2950 439 3039 λύραν
471 2951 563 3037 ἔργον
593 2946 738 3029 Εὐδόξου
767 2952 897 3014 τιταίνει
926 2951 1076 3034 ψίθυρον
1103 2945 1207 3035 εὐήθη
1234 2949 1343 3034 νόμον
1371 2954 1426 3034 μέ·

339 3083 454 3145 μνηται
478 3056 509 3121 δ’
534 3047 632 3122 αὐτοῦ
654 3054 710 3118 καλ
729 3054 887 3139 Πολέμων
909 3053 945 3119 ἐν
969 3056 1011 3141 τῷ
1034 3050 1067 3137 β’
1089 3053 1165 3141 περὶ
1188 3062 1242 3143 τῆς
1250 3053 1426 3146 Ἀθήνησιν

332 3161 587 3249 Ἐρατοσθένους
608 3161 779 3245 ἐπιδημίας
801 3161 866 3228 κτλ.
904 3159 950 3230 Cf.
974 3159 1121 3229 Dllbneri
1144 3163 1216 3230 adn.
1243 3167 1312 3231 crit.

297 3275 478 3357 Gorgiae.
508 3272 564 3338 Au.
592 3273 693 3336 1701:
732 3274 759 3337 1.
787 3269 925 3352 Gorgias
953 3269 1073 3335 rhetor.
1103 3264 1145 3356 ήν
1174 3269 1210 3336 δὲ
1237 3273 1294 3336 καὶ
1324 3275 1426 3359 ἕτερος

340 3378 456 3469 ἰατρός,
481 3374 518 3445 οὗ
541 3377 732 3465 μνημονεύει
749 3371 898 3453 ’Λλκαΐος
921 3374 957 3442 ε’ν
973 3372 1179 3461 Ἐνδυμίωνι.

296 3491 479 3557 Miconos
503 3487 638 3571 Lysistr.
665 3487 742 3551 679:
782 3487 809 3551 1.
835 3485 919 3552 Mico
947 3487 1061 3569 pictor.
1099 3480 1163 3550 ἐστὶ
1186 3485 1302 3553 δὲκαὶ
1326 3490 1426 3576 ἕτερος

343 3601 460 3661 Μίκων
483 3597 528 3671 είς
549 3598 667 3660 πενίαν
689 3592 950 3680 κωμῳδούμενος.

298 3704 537 3789 Myronidae.
561 3703 695 3786 Lysistr.
722 3703 800 3768 801:
837 3700 895 3767 δύο
922 3700 1115 3787 Μυρωνίδου
1137 3687 1221 3786 ἦσαν
1243 3698 1284 3778 ὥς
1307 3701 1343 3768 ἐν
1358 3700 1426 3767 Ἕκ-

340 3808 585 3898 κλησιαζούσαις
608 3807 799 3895 δεδήλωται·
828 3806 954 3876 ἐνθάδε
982 3811 1091 3876 τοίνυν
1119 3813 1278 3897 μέμνηται
1306 3816 1362 3878 τοῦ
1390 3811 1426 3878 ἓν
1450 3815 1453 3821 ’

341 3917 535 4002 Οἰνοφύτοις
556 3913 751 4002 νικήσαντος.

297 4028 463 4112 Phaylli.
488 4025 625 4092 Acharu.
645 4027 724 4090 214:
763 4027 790 4091 1.
812 4023 968 4107 >Phayllus
992 4042 1103 4090 cursor
1126 4025 1274 4108 optimus.
1300 4023 1426 4104 ἐγένετο

342 4131 379 4200 δὲ
402 4135 455 4199 καὶ
478 4137 582 4220 ἕτερος
603 4132 747 4219 ἀθλητής
762 4128 880 4220 ὀγδόην
895 4128 1083 4217 ὀλυμπιάδα
1099 4129 1235 4217 νικήσας,
1252 4135 1308 4196 καὶ
1323 4138 1427 4220 τρίτος

342 4240 534 4328 λωποδύτης.

284 4381 334 4454 ¹⁵⁰)
351 4383 423 4438 Hinc
452 4383 551 4440 Suidas
580 4384 704 4439 Eudocia
730 4383 910 4454 Etymologus
935 4383 1053 4454 Magnus
1076 4399 1111 4441 ss.
1134 4402 1177 4440 vv.
1202 4417 1235 4425 —
1260 4386 1375 4444 Bacides
1397 4394 1426 4445 et

215 4473 333 4544 sibyllas
353 4473 431 4529 omisi
451 4473 498 4542 [cf.
519 4474 582 4529 diss.
602 4491 628 4543 p.
649 4476 678 4545 2]
699 4471 728 4529 et
745 4473 869 4532 Molones
889 4473 934 4548 [cf.
953 4490 979 4543 p.
1001 4477 1058 4532 130.
1078 4474 1139 4531 adn.
1161 4475 1231 4548 1441.
