3506 5272
1354 507 1415 570 127

193 682 293 764 sychii
317 684 490 748 cohaerent
513 683 663 764 indiculo,
688 689 724 748 ut
748 683 789 748 ad
813 684 948 749 eundern
971 683 1182 766 biographum
1206 683 1275 748 iure
1296 687 1419 749 utru'm-

192 808 254 871 que
276 789 413 854 referret
435 790 630 855 Lobechius:
836 783 839 790 ’

510 895 671 964 Ηοεγοὶιῑοε.
1018 898 1021 978 η
1132 895 1335 949 (demensio.

192 1003 317 1090 ἔγραψε
339 1005 526 1088 τριαγμούς·
551 1005 701 1083 λέγονται
725 1005 760 1068 δ’
784 1007 869 1068 εἶναι
883 1007 993 1079 Ἴωνος
1040 999 1268 1089 Ὀνομάκριτος
1291 999 1418 1089 ὁἎθη-

191 1117 248 1174 τοῦ
283 1113 450 1194 τραγικοῦ·
487 1109 522 1173 ἓν
551 1111 586 1172 δὲ
620 1112 744 1186 τούτοις
779 1109 819 1175 τοὶ
856 1109 990 1194 ἲεροστο-
1046 1121 1139 1184 ναῖος
1161 1104 1200 1174 οὗ
1223 1109 1262 1172 τοί
1286 1111 1332 1185 είς
1348 1105 1418 1197 Ὀρ-

192 1213 265 1279 λικά
289 1215 484 1298 καλούμενα,
511 1217 628 1292 κλίσεις
652 1215 817 1299 κοσμικοίς,
843 1240 990 1281 νεωτευκ-
1047 1222 1112 1301 ιμέα
1136 1213 1300 1300 φερόμενα
1327 1216 1418 1302 ποιή-

190 1323 278 1402 τικτί,
304 1322 407 1407 ἱερούς
431 1321 545 1401 λόγους
568 1323 604 1389 έν
627 1323 813 1411 ῥαψηιδίαις
837 1323 908 1387 κδ’·
945 1324 991 1386 λέ·
1046 1348 1134 1408 ματα
1174 1323 1297 1402 λέγεται
1332 1325 1417 1388 εἶναι

190 1451 301 1506 γονται
333 1427 368 1490 d’
398 1432 481 1494 εἶναι
510 1427 693 1513 Θεογνήτου
721 1430 781 1494 τού
810 1428 990 1509 Θεσσαλοῦ,
1046 1430 1220 1515 εὑρίσκεται
1259 1431 1322 1495 κτλ.
1363 1431 1418 1494 τὸν

192 1533 222 1598 οἱ
254 1535 289 1596 δὲ
314 1540 483 1617 Κέρκωπος
511 1543 569 1601 τοῦ
596 1541 839 1624 Πυθαγορείου·
877 1555 991 1623 χρησ-
1045 1543 1187 1623 κρατῆρα
1215 1535 1252 1601 δὲ
1279 1538 1334 1600 τὸν
1349 1533 1418 1622 Ὀρ-

190 1639 297 1725 μούς,
338 1647 373 1706 οἳ
408 1633 628 1729 ἀναφέρονται
669 1645 713 1717 είς
740 1639 989 1727 Ὀνομάκριτον·
1045 1647 1129 1730 ιμέως
1168 1641 1327 1729 Ζωπύρου
1361 1645 1417 1709 τοῦ

190 1746 364 1822 τελετάς·
405 1745 522 1830 ὁμοίως
564 1749 603 1812 δέ
646 1766 728 1835 φασι
771 1750 825 1811 καὶ
870 1747 990 1824 ταύτας
1038 1748 1272 1835 Ἡρακλεώτου,
1301 1751 1357 1834 την
1382 1752 1418 1815 δὲ

186 1852 438 1939 Ὀνομακρίτου·
470 1857 506 1921 ἐν
534 1855 655 1933 τούτοις
684 1859 718 1921 d’
746 1858 813 1920 ἐστὶ
840 1857 911 1943 περὶ
941 1858 989 1921 λί-
1045 1855 1213 1931 είςἎιδου
1236 1856 1418 1940 κατάβασιν

190 1964 264 2025 θων
296 1961 434 2048 γλυηῆς,
472 1961 538 2046 ἥτις
569 1959 885 2049 Ὀγδοηκοντοίλιθος
921 1964 989 2027 έπι-
1047 1963 1415 2049 ΠροδίκουτούΣαμίοο·

193 2065 368 2152 γροίςιεται·
417 2068 601 2155 σωτήρια·
648 2071 752 2134 ταῦτα
796 2071 989 2153 Τιμοκλέους
1035 2071 1120 2134 Ἴων
1149 2068 1192 2133 δὲ
1216 2069 1233 2134 ὁ
1259 2075 1357 2144 Χῖος
1381 2070 1417 2134 ἕν

189 2179 246 2238 τού
274 2178 472 2259 Συρακοσίου
506 2176 629 2256 λέγεται
657 2183 711 2239 καὶ
741 2183 901 2263 Περγίνου
931 2180 987 2242 τοῦ
1013 2153 1016 2242 λ
1041 2185 1107 2251 τοίς
1149 2181 1323 2261 Τριαγμοῖς
1362 2183 1417 2239 καὶ

193 2282 366 2366 Μιλησίου·
418 2286 623 2368 κρατῆρας·
675 2284 775 2348 ταῦτα
828 2281 986 2369 Ζωπύρου
1045 2280 1252 2367 Πυθαγόραν
1281 2285 1325 2357 είς
1346 2281 1415 2369 Ὀρ-

189 2391 307 2472 φασίν·
325 2387 572 2471 θρονισμούς
587 2387 788 2476 μητρῴους
804 2396 867 2453 καὶ
884 2397 986 2453 Βακ-
1042 2394 1108 2473 oea
1135 2387 1321 2467 ἀνενεγκεῖν
1341 2410 1414 2452 τινα

189 2494 295 2575 χικοί·
335 2496 437 2558 ταῦτα
471 2501 584 2561 Νικίου
618 2499 676 2562 τοῦ
697 2492 849 2562 ῗΕλεοίιου
885 2497 987 2582 φασὶν
1040 2494 1170 2583 ἱστορεῖ·
1214 2492 1415 2581 Ἐπιγένης

188 2606 286 2668 εἶναι·
304 2601 498 2678 εἷς”Αιδου
521 2606 752 2687 κατοίβασιν·
776 2601 986 2689 τούτοιἭρο-
1041 2604 1074 2667 δ’
1101 2603 1137 2667 ἒν
1166 2611 1231 2675 τοῖς
1259 2603 1333 2685 περὶ
1361 2603 1414 2686 τῆς

189 2710 278 2775 δίκου
322 2711 469 2794 [Lobeck
508 2731 537 2792 p.
571 2711 654 2796 360]
692 2714 750 2776 τοῦ
787 2711 985 2795 Περινθίαν·
1040 2712 1087 2785 εἷς
1105 2706 1229 2794 Ὀρφέα
1256 2707 1414 2794 ποιήσεως

188 2817 339 2882 πέπλον
362 2823 427 2881 καὶ
443 2819 618 2882 δίκτυον·
644 2823 814 2883 καὶταῦτα
830 2816 986 2903 Ζωπύρου
1041 2821 1208 2901 Κέρκωπος
1225 2817 1313 2881 εἶναι
1330 2817 1414 2899 λέγει

187 2927 242 2988 τοῦ
262 2921 496 3009 Ἡρακλεώτου,
525 2923 556 2987 οἱ
579 2923 618 2988 δὲ
642 2929 834 3010 Βροντίνου·
866 2923 986 3008 ὄνομα·
1039 2931 1093 2988 τοῦ
1111 2927 1341 3009 Πυθαγορείου
1356 2926 1414 3008 την

189 3029 306 3113 στικόν,
330 3030 390 3117 ἔπη
406 3047 473 3117 ,ου’
498 3034 684 3111 θεογονίαν,
710 3031 770 3116 ἔπη
787 3049 849 3115 μυ·
875 3027 985 3116 οἶστρο-
1040 3028 1213 3104 ελς”Αιδου
1233 3029 1413 3111 κατάβασιν

191 3142 326 3220 νομίαν·
365 3133 583 3221 ἆμοσκοπίαν·
623 3135 839 3222 θυηπολικόν.
877 3133 985 3201 αἰοθο-
1040 3133 1171 3199 καὶτὸν
1195 3134 1281 3220 ἱερὸν
1305 3134 1412 3221 λόγον,

188 3241 261 3306 τικά
286 3240 304 3327 ἢ
334 3243 532 3322 οἷοσκοπικοί,
562 3242 697 3318 {nands
737 3242 983 3318 καταζωστικόν·
1039 3242 1096 3308 τὸν
1130 3244 1166 3307 δὲ
1200 3242 1326 3308 πέπλον
1358 3251 1413 3308 καὶ

187 3347 321 3432 ὕμνους·
349 3351 580 3434 κορυβαντικὸν
604 3352 658 3414 καὶ
683 3349 811 3434 ιμυσικιί,
837 3347 861 3414 οἳ
884 3357 984 3436 Βρον-
1040 3348 1078 3412 τὰ
1092 3351 1211 3434 φυσικὰ
1224 3354 1410 3436 Βροντίνου.

187 3461 276 3520 τίνου
301 3461 412 3541 φασίν.

275 3563 373 3645 Origo
398 3570 497 3646 pelet.
545 3565 636 3631 Adde
660 3566 744 3647 quod
769 3566 880 3630 statim
903 3571 977 3647 post
1001 3564 1045 3649 [p.
1067 3567 1129 3628 144
1154 3563 1316 3648 Sylhurg.]
1341 3565 1411 3631 Gle-

187 3689 277 3734 mens
294 3671 332 3734 de
352 3671 480 3753 Sibyllis
497 3691 676 3736 sermonem
692 3670 799 3751 infert,
825 3691 918 3753 quem
935 3691 1034 3753 supra
1050 3672 1266 3736 demonstravi
1281 3670 1411 3738 fluxisse

186 3796 225 3841 ex
248 3779 361 3842 eodeni
384 3778 562 3859 biographo
587 3778 638 3861 [cf.
664 3798 694 3859 p.
717 3779 802 3861 124}
850 3780 939 3842 Haec
962 3779 1062 3860 igitur
1085 3778 1250 3841 hactenun

627 4059 656 4117 4.
677 4061 721 4117 De
741 4060 982 4132 'l'hneydidlhnn

277 4209 304 4271 l.
342 4204 458 4270 Suidce
481 4205 548 4270 vite
569 4205 760 4288 Thucydidis
784 4208 853 4272 iure
878 4205 1091 4272 contemnitur
1113 4223 1191 4286 pree
1215 4205 1408 4273 Marcellini:

185 4312 238 4376 hie
260 4312 370 4377 insunt
393 4318 543 4376 accurata
566 4332 649 4394 quae
677 4314 722 4378 ibi
749 4315 842 4378 valde
872 4314 976 4378 exilia.
1024 4312 1116 4376 Unde
1145 4313 1207 4376 iste
1236 4328 1409 4376 consensus

186 4421 330 4484 evenerit
364 4419 595 4501 expediendum
626 4426 685 4485 est.
737 4421 779 4484 Et
808 4419 1029 4485 Marcellinum
1064 4418 1193 4501 quidem
1226 4417 1408 4498 nuperrime
