3506 5272
805 724 832 778 d.
852 723 896 777 De
915 720 1060 776 Homeris.

412 847 544 913 Procius
568 847 649 932 [vita
663 847 805 928 Hesiodi,
830 867 862 929 p.
878 849 920 911 47
945 865 991 930 sq.
1008 845 1194 930 westarm]
1218 864 1288 912 oum
1305 847 1345 913 ob
1361 853 1540 932 temporum

322 955 480 1020 rationem
503 961 655 1040 negasset
679 973 749 1022 cum
772 956 911 1021 Homero
941 955 1156 1020 decertavisse
1178 954 1369 1037 Hesiodum,
1398 958 1446 1023 ita
1472 976 1539 1023 rem

322 1063 511 1144 explanasse
540 1064 601 1130 sibi
628 1063 771 1143 videtur,
800 1067 837 1128 ut
864 1062 1001 1128 alterum
1029 1063 1187 1144 quendam
1209 1062 1384 1128 Homerum
1406 1064 1540 1130 Hesiodi

321 1169 444 1236 iaceret
470 1171 704 1239 adversarium:
733 1166 805 1234 ἀλλ’
834 1171 908 1244 ἴσως
936 1172 1042 1255 ἕτερος
1057 1166 1194 1255 Όμηρος
1221 1165 1262 1254 ἦν
1289 1165 1307 1233 ὁ
1336 1169 1380 1257 τῷ
1404 1163 1538 1257 Ἡσιόδῳ

321 1277 499 1365 ἷσόχρονος,
524 1276 542 1344 o‘
566 1286 622 1346 τοῦ
646 1280 816 1364 Εὔφρονος
838 1287 916 1352 παῖς
939 1272 959 1340 o‘
984 1271 1125 1360 Φωκεύς,
1150 1272 1171 1340 o‘
1193 1281 1248 1340 καὶ
1270 1276 1369 1362 τούτῳ
1391 1277 1449 1362 την
1472 1274 1540 1364 ἔριν

321 1384 524 1471 στησάμενος,
553 1384 616 1452 κᾶν
642 1387 684 1449 τὰ
710 1384 770 1469 ἔπη
798 1391 853 1450 τοῦ
881 1388 978 1451 θεῖον
1007 1381 1128 1450 ἐκείνου
1157 1378 1279 1469 ἀνδρὸς
1302 1386 1341 1473 τῇ
1368 1379 1540 1467 ὁμωνυμίᾳ

319 1493 553 1578 πεπλανημένα
581 1494 686 1574 λέγειν
712 1494 824 1560 τοῦτον
854 1489 1053 1556 ἕπλάσανσο·
1069 1488 1202 1576 Ὅμηρον
1229 1489 1291 1576 γὰρ
1313 1491 1428 1556 πολλοὶ
1450 1489 1539 1573 γεγό-

320 1615 417 1666 νασιν
445 1604 546 1686 ἕτεροι
575 1598 657 1686 ζήλῳ
686 1601 741 1665 τοῦ
764 1599 908 1665 παλαιοῦ
933 1598 989 1684 την
1012 1595 1124 1684 κλῆσιν
1147 1596 1377 1683 λαμβάνοντος·
1402 1600 1539 1685 καὶγὰρ

320 1709 455 1773 καὶτοῦ
480 1711 614 1783 Φωκέως
634 1703 770 1793 Ὁμήρου
792 1703 903 1772 τούτου
927 1709 1030 1793 ἕτερος
1058 1701 1196 1792 ὑπάρχει
1223 1704 1375 1793 νεώτερος
1386 1703 1537 1793 Ὄμηρος·

321 1810 416 1890 οὗτος
438 1812 456 1880 ὁ
478 1814 629 1901 νεώτερος
644 1810 782 1900 Ὄμηρος
803 1809 843 1898 ἧν
866 1823 943 1888 παῖς
959 1808 1184 1896 Ἀνδρομάχου
1207 1817 1250 1900 τῷ
1265 1816 1351 1893 γένει
1365 1811 1538 1890 Βοζοίνοιος

320 1921 418 2006 ὅσην
436 1919 667 2009 Εὐρυπύλειαν
688 1917 898 2005 ποιήσαςΗῧ).
943 1922 1080 1986 Doctum
1110 1921 1192 1986 huno
1220 1922 1356 1987 indicem
1385 1940 1422 1986 eo
1452 1922 1537 2003 cupi-

320 2031 391 2095 dius
425 2030 524 2096 reddo
560 2030 684 2096 auctori
710 2028 897 2109 Laertiano,
934 2047 995 2110 quo
1029 2026 1229 2111 frequentius
1264 2034 1314 2094 est
1349 2029 1417 2096 eius
1452 2029 1537 2111 apud

319 2139 568 2221 Neoplatonicos
591 2138 746 2204 memoria
767 2136 856 2203 velut
879 2137 965 2218 apud
987 2135 1207 2219 Porphyrium.

823 2334 1035 2344 ——a—

408 2458 557 2540 Suppleri
579 2463 715 2540 possunt
736 2458 852 2523 multa:
878 2461 912 2522 at
936 2457 1103 2524 exhaurire
1127 2458 1295 2524 materiam
1318 2477 1383 2525 non
1397 2479 1534 2543 possem,

319 2568 347 2632 si
378 2567 506 2647 vellem3
543 2567 723 2632 adhibenda
753 2565 837 2630 anim
866 2570 952 2631 esset
985 2565 1121 2647 amplior
1154 2567 1291 2632 eruditio
1326 2586 1421 2650 quam
1453 2589 1536 2636 nunc

317 2675 476 2757 possideo.
530 2674 649 2752 Quodsi
679 2692 755 2740 vero
785 2672 859 2739 huic
887 2673 1054 2756 scriptioni
1089 2675 1273 2756 contigerit,
1309 2681 1346 2740 ut
1379 2677 1536 2758 quaedam

317 2783 480 2865 incognita
503 2782 647 2864 scituque
670 2799 825 2864 perquam
849 2781 946 2862 digna
961 2781 1001 2846 de
1017 2781 1140 2863 origine
1155 2783 1327 2848 memoriae
1343 2803 1426 2866 quae
1439 2785 1535 2851 hodie

318 2894 465 2973 superest
486 2888 715 2972 biographicae
739 2894 772 2954 et
786 2889 1020 2971 propagatione
1037 2889 1201 2956 edocuisse
1217 2909 1237 2956 a
1253 2891 1355 2957 doctis
1372 2898 1405 2957 et
1419 2893 1533 2974 peritis

316 2998 430 3064 harum
459 3015 566 3062 rerum
595 2996 868 3062 existimatoribus
890 2979 1069 3079 iudicetur,
1103 2998 1233 3080 egregie
1262 3016 1332 3064 cum
1362 3018 1402 3065 ea
1428 3005 1534 3066 actum

318 3124 389 3173 esse
413 3104 612 3171 existimabo.

387 3316 436 3387 14⁶)
453 3316 515 3372 Huc
534 3315 624 3371 tondit
641 3316 804 3373 Eustathius
822 3316 850 3372 in
869 3315 946 3372 Iliad.
964 3315 1050 3386 praef.
1069 3333 1095 3386 p.
1114 3320 1142 3372 4:
1163 3314 1199 3380 ὡς
1217 3319 1246 3373 δὲ
1262 3320 1307 3374 και·
1319 3322 1411 3376 πολλοὶ
1422 3319 1532 3395 Ὅμηροι

315 3407 361 3461 καὶ
378 3402 440 3460 αὐτὸ
458 3405 596 3477 ἱστόρησαν
614 3407 700 3478 ἕτεροι.

385 3495 499 3550 Procius
518 3511 579 3552 cum
591 3494 736 3565 Porphyrii
754 3493 871 3549 historia
888 3495 1052 3564 philosopha
1069 3501 1181 3551 eatenus
1197 3499 1344 3554 concordat
1363 3501 1436 3569 quod
1453 3508 1531 3557 ante

316 3584 466 3639 Hesiodum
488 3586 635 3642 Homerum
660 3584 821 3638 conlocavit.
862 3587 899 3638 Aa
922 3585 1091 3654 Porphyrius
1115 3586 1162 3656 [cf.
1183 3587 1257 3643 Suid.
1280 3605 1301 3642 s.
1325 3607 1349 3644 v.
1364 3587 1481 3664 Ὅμηρος
1503 3599 1531 3647 et

309 3672 443 3746 Ἡσίοδος]
472 3682 580 3730 centum
607 3690 706 3743 annos,
733 3673 848 3728 Procius
874 3674 1086 3744 quadringentos
1113 3677 1160 3746 [ex
1180 3678 1311 3748 Dionysio
1338 3681 1528 3750 cyclographo]

313 3765 496 3834 antiquiorem
515 3766 574 3821 vult
592 3766 748 3822 Homerum.
767 3795 801 3805 -
821 3763 919 3821 Suidas
938 3782 958 3822 a.
978 3783 1003 3821 u.
1018 3764 1140 3829 Ἡσίοδος
1159 3784 1223 3824 usus
1242 3769 1351 3824 videtur
1369 3770 1529 3840 Porphyrio.
