3506 5272
331 487 394 549 148

333 661 467 726 eandem
491 665 602 726 narrat
626 659 727 746 (apud
749 661 924 727 Eusebium
947 660 1022 727 xlv
1039 659 1128 747 738),
1154 666 1186 726 et
1209 662 1369 729 coloribus
1390 663 1457 729 suis
1480 664 1549 729 sine

330 766 426 831 dubio
450 766 563 847 inbuit,
593 785 652 833 nec
674 771 783 832 tamen
806 767 853 832 ita
875 773 912 833 ut
941 768 1026 834 idem
1050 768 1181 834 subesse
1204 769 1308 852 possit
1330 774 1452 851 auctor,
1477 789 1550 835 nam

328 871 510 938 Carneades
538 871 587 936 ἐπ’
614 868 793 961 αὐτοφώρῳ
824 875 991 940 moechum
1018 874 1243 957 deprehendit,
1274 875 1328 938 καὶ
1355 873 1550 958 καταλαβὼν

327 978 533 1065 παρῃτήσατο
563 983 616 1061 τῆς
645 979 816 1066 διατριβῆς.
864 983 948 1046 unde
981 983 1043 1047 scis
1079 987 1111 1047 et
1146 982 1319 1047 solemnem
1353 977 1550 1067 ἀποκήρυξιν

328 1086 477 1167 discipuli
513 1091 545 1151 et
580 1085 853 1169 apophthegmata
883 1087 1033 1154 Numenii
1062 1088 1144 1154 fonti
1178 1087 1332 1154 infuisse?
1367 1089 1400 1152 in
1434 1086 1549 1170 quibus

328 1210 452 1257 summa
474 1189 528 1257 'rei
557 1188 606 1259 est
634 1193 720 1274 apud
743 1193 928 1276 Diogenem.
966 1196 1023 1262 sed
1051 1199 1138 1260 certo
1168 1199 1278 1276 potest
1304 1195 1376 1275 dici,
1400 1194 1550 1258 Numenii

329 1298 451 1363 fontem
475 1318 538 1364 non
563 1299 665 1364 solum
682 1300 874 1366 aFavorino
898 1302 955 1367 sed
979 1301 1106 1368 omnino
1131 1320 1150 1365 a
1172 1299 1261 1365 fonte
1276 1301 1430 1382 Diogenis
1453 1299 1551 1366 fuisse

328 1406 498 1472 diversum.
544 1425 618 1471 nam
647 1406 822 1472 Numenius
850 1408 1043 1474 Academiae
1076 1408 1343 1490 propagationem
1373 1398 1474 1489 usque
1509 1406 1550 1472 ad

327 1512 521 1578 Antiochum
544 1513 761 1578 Ascalonitam
784 1516 998 1597 persequitur,
1024 1533 1061 1580 ao
1084 1515 1241 1580 Mentoris
1268 1515 1463 1580 mentionem
1486 1533 1549 1580 non

328 1619 413 1684 inter
442 1617 527 1684 facta
557 1620 778 1686 memorabilia
806 1640 888 1704 quae
917 1622 958 1687 de
982 1620 1147 1686 Carneade
1169 1621 1322 1703 proderet
1344 1622 1464 1703 iniecit,
1493 1621 1550 1686 sed

326 1725 359 1790 in
383 1726 454 1807 ipsa
478 1727 692 1792 successione:
717 1727 832 1810 incipit
855 1729 939 1794 enim
963 1726 1150 1815 Καρνεάδου
1177 1728 1212 1791 δὲ
1239 1730 1363 1806 γίνεται
1392 1725 1550 1813 γνώριμος

327 1835 466 1918 Μέντωρ
488 1836 549 1916 μὲν
570 1833 702 1920 πρῶτον
717 1829 754 1899 οὗ
771 1831 835 1918 μοι’
850 1832 1015 1915 διάδοχος.
1055 1833 1143 1900 vides
1161 1851 1178 1898 e
1193 1834 1354 1916 particula
1372 1835 1433 1919 μὲν
1449 1833 1548 1916 sequi,

327 1959 400 2004 mox
435 1959 506 2004 eum
541 1938 640 2006 fuisse
669 1940 866 2005 nominatum
901 1940 955 2021 qui
979 1939 1175 2006 Carneadem
1210 1942 1350 2023 excepit,
1378 1945 1549 2022 postquam

328 2047 455 2112 Mentor
479 2064 568 2112 suam
592 2046 734 2112 scholam
758 2046 913 2127 condidit,
945 2045 1168 2113 Clitomachus.
1220 2049 1253 2111 in
1279 2046 1434 2128 Diogenis
1461 2046 1549 2112 fonte

326 2152 519 2218 Academiae
542 2153 679 2218 historia
703 2152 937 2218 terminabatur
960 2153 993 2218 in
1018 2151 1224 2219 Clitomacho.
1263 2152 1327 2217 iam
1342 2152 1486 2218 Philonis
1508 2171 1549 2218 ne

327 2260 447 2324 mentio
476 2260 604 2341 quidem
635 2265 693 2341 est,
729 2277 832 2341 neque
866 2259 994 2326 videtur
1023 2257 1095 2324 lons
1122 2259 1294 2340 primarius
1328 2259 1379 2324 uel
1413 2263 1549 2326 mortem

329 2364 518 2432 Clitomachi
541 2367 677 2432 novisse.
719 2367 804 2449 quod
827 2366 964 2448 denique
988 2365 1027 2430 de
1046 2365 1209 2431 Arcesilao
1234 2385 1271 2432 ac
1286 2366 1413 2449 Lacyde
1437 2367 1549 2432 eadem

327 2479 501 2539 narrantur
524 2474 609 2555 apud
633 2472 824 2538 Numenium
849 2478 881 2538 et
896 2472 1081 2554 Diogenem,
1107 2473 1139 2537 id
1163 2491 1201 2538 ex
1223 2473 1385 2554 primariis
1407 2473 1549 2539 fontibus

329 2581 408 2646 satis
426 2586 584 2663 superque
601 2581 788 2662 explicatur,
814 2598 872 2645 nec
888 2579 995 2662 potuit
1011 2579 1138 2645 omnino
1155 2579 1250 2645 aliter
1267 2581 1421 2647 accidere.
1456 2585 1548 2646 tauto

329 2693 436 2755 autem
458 2688 588 2753 uberior
611 2687 786 2753 Numenius
815 2691 865 2752 est
892 2691 1022 2758 utnon
1045 2685 1147 2751 solum
1170 2685 1347 2768 Diogenem
1371 2688 1428 2752 sed
1451 2687 1549 2752 etiam

329 2813 401 2860 eum
418 2813 455 2860 ex
472 2814 533 2877 quo
549 2796 694 2876 proximo
712 2812 770 2859 sua
781 2793 942 2875 Diogenes
963 2793 1087 2875 accepit
1105 2793 1200 2876 longe
1222 2811 1375 2876 superare
1390 2795 1547 2860 videatur·

418 2902 710 2984 Transeamus.ad
740 2919 811 2966 eum
841 2896 1045 2982 scriptorem,
1083 2900 1172 2965 cuius
1206 2901 1239 2966 in
1273 2900 1333 2966 hac
1361 2901 1549 2983 quaestione

329 3010 505 3075 auctoritas
549 3013 599 3074 est
637 3026 774 3089 summa,
813 3006 1008 3090 Hesychium
1045 3005 1224 3088 Illustrem,
1264 3006 1382 3073 Suidae
1417 3007 1547 3074 fontem.

329 3121 463 3198 propter
491 3115 603 3181 turbas
632 3115 672 3180 ab
701 3113 882 3180 hominibus
917 3113 1047 3180 insulsis
1072 3115 1228 3179 excitatas
1262 3115 1452 3196 praemitto,
1486 3133 1548 3196 me,

329 3223 412 3288 sicut
435 3241 494 3304 par
519 3225 577 3302 est,
602 3221 785 3300 Nietzschei
808 3222 848 3286 de
870 3220 1030 3304 Hesychio
1054 3219 1304 3302 disputationem
1328 3222 1458 3286 summis
1480 3221 1549 3286 lau-

329 3328 421 3393 dibus
446 3327 575 3410 dignam
598 3327 732 3408 habere,
757 3333 863 3395 tecum
887 3328 1066 3394 consentire
1090 3327 1124 3392 in
1146 3326 1319 3410 plerisque.
1354 3326 1549 3410 Hesychium

306 3434 420 3519 nobis
443 3440 573 3516 praeter
597 3452 636 3499 ea
659 3453 741 3516 quae
764 3435 797 3499 in
820 3435 964 3500 Platonis
989 3434 1118 3500 schohis
1142 3435 1223 3501 scita
1245 3435 1411 3516 indagavit
1433 3433 1550 3500 Rohdii

329 3540 520 3622 coniectura,
545 3541 746 3606 innotescere
770 3560 787 3605 e
811 3541 918 3622 Suida,
945 3541 1061 3607 Suidae
1078 3540 1218 3606 codicem
1233 3542 1398 3606 meliorem
1420 3559 1550 3622 reprae-

329 3638 458 3712 sentare
487 3645 606 3712 olidum
629 3647 821 3728 Violarium,
850 3648 1012 3714 Eudociae
1036 3647 1245 3729 suppositum.
1292 3645 1486 3730 Hesychium
1515 3647 1549 3711 in

328 3753 528 3835 philosophis
551 3758 682 3835 praeter
707 3754 901 3836 paucissima
930 3773 1012 3837 quae
1036 3755 1177 3836 aliunde,
1206 3754 1295 3821 uelut
1317 3773 1335 3819 e
1359 3753 1547 3836 Porphyrio,

329 3860 456 3940 adiecit,
480 3859 620 3941 pendere
644 3879 683 3926 ex
698 3879 736 3927 eo
753 3865 884 3927 auctore
905 3862 986 3945 (sive
997 3862 1106 3943 plures
1121 3860 1264 3946 fuerunt)
1285 3861 1374 3927 cuius
1391 3861 1548 3943 excerptis

328 3966 488 4048 Diogenes
525 3985 595 4032 cum
626 3967 781 4033 aliatum
815 3968 1007 4034 Fauorinum
1042 3968 1221 4034 admiscuit.
1277 3987 1381 4050 neque
1415 3969 1443 4033 si
1477 3968 1548 4050 quis
1637 4006 1639 4010 -

329 4073 490 4154 statuerit,
508 4073 548 4138 ab
564 4073 724 4157 Hesychio
739 4080 869 4158 praeter
885 4075 969 4140 hune
983 4074 1137 4157 Diogenis
1153 4081 1316 4142 auctorem
1332 4076 1430 4143 etiarn
1444 4074 1549 4158 ipsum

328 4180 505 4263 Diogenem
539 4182 656 4248 lectum
692 4201 776 4264 esse,
813 4183 986 4265 quidquam
1019 4180 1148 4264 profici3
1184 4187 1325 4248 ceterum
1354 4182 1547 4266 nocuoque

329 4288 583 4354 demonstratum
599 4295 657 4368 est,
681 4308 785 4371 neque
808 4288 875 4354 ullo
890 4293 985 4371 pacto
1008 4289 1185 4370 probabile.
1225 4290 1432 4355 dissentimus
1449 4290 1549 4371 igitur

329 4393 363 4459 in
398 4412 435 4459 eo
469 4399 604 4476 tantum,
640 4397 725 4478 quod
758 4400 795 4462 tu
828 4395 980 4478 Hesychii
1019 4400 1183 4462 auctorem
1216 4395 1409 4461 Favorinum
1442 4413 1546 4464 vocas.
