3506 5272
332 481 395 545 150

331 678 401 725 cum
423 659 529 739 ipsum
543 655 736 722 Favorinum
759 671 799 719 ea
821 653 862 719 ab
877 652 1064 735 Hippoboto
1080 658 1136 719 aut
1151 653 1293 721 DIodoro
1313 655 1394 739 (sive
1409 655 1550 738 Ephesio

330 767 397 832 siue
419 763 600 829 Eretriensi
628 761 666 828 cf.
691 760 856 844 Hippolyt.
888 760 1005 842 philos.
1030 761 1060 842 λ,
1088 761 1142 846 ll)
1171 761 1333 844 occepisse
1356 768 1551 846 sequature

330 874 348 956 ξ
373 873 424 936 69.
451 873 502 936 70.
537 869 612 935 hInc
640 867 793 933 iudicinm
822 870 972 949 paratum
1001 871 1053 932 est
1078 867 1117 932 de
1141 865 1357 952 σονεμπτιίσει
1380 889 1458 936 sane
1480 889 1552 954 spe-

331 980 427 1045 ciosa.
460 977 576 1043 Suidas
599 976 639 1041 de
655 974 811 1040 Phalereo
827 974 992 1040 Demetrio
1016 971 1115 1049 οὕτως
1129 970 1170 1058 ἦν
1185 973 1316 1062 σφόδρα
1337 971 1496 1064 εὐπρεπὴς
1511 976 1553 1054 ὡς

330 1084 386 1150 καὶ
410 1083 569 1168 διαβολήν
584 1083 700 1166 λαβεῖν
719 1077 769 1144 ὅτι
790 1083 923 1161 γέγονεν
944 1077 1100 1167 έριέμονος
1115 1084 1244 1156 Νέωνος
1258 1087 1311 1146 καί
1333 1097 1552 1172 προσαγορευ-

330 1197 436 1278 θῆναι
458 1187 523 1255 ὑπό
545 1210 645 1254 τινων
667 1183 769 1253 αὐτὸν
791 1184 959 1272 Λαμπιτὼ
980 1185 1036 1251 καλ
1052 1187 1351 1276 Χαριτοβλέφαρον.
1390 1190 1552 1273 Diogenes

331 1299 360 1364 V
385 1299 427 1361 76
450 1299 525 1377 post
546 1296 652 1360 locum
671 1294 908 1376 perturbatum.
947 1290 988 1379 ἢν
1010 1293 1045 1358 ίκ
1067 1293 1122 1380 τῆς
1143 1292 1299 1371 Κόνωνος
1320 1298 1423 1372 οίκίας
1444 1295 1487 1374 ὥς
1510 1300 1550 1364 Φ.

332 1508 483 1597 ἐρωμένῃ,
506 1506 661 1593 καθάπερ
684 1504 702 1571 d
726 1502 825 1582 αὐτὸς
852 1506 890 1573 έν
912 1508 958 1595 τῷ
980 1505 1012 1570 α’
1035 1513 1122 1594 φρσέ.
1170 1504 1256 1573 ἀλλὰ
1283 1513 1338 1573 καὶ
1363 1506 1427 1575 ὕπὸ
1452 1509 1553 1574 Κλέω-

332 1638 389 1690 νος
418 1617 627 1679 πεπονθέναι
655 1612 693 1678 ἐν
719 1615 764 1700 τῷ
796 1608 826 1697 β’
855 1611 979 1700 λστοροί.
1027 1614 1172 1700 Δίδυμος
1199 1615 1228 1680 δ’
1256 1614 1293 1680 έν
1314 1619 1554 1698 Συμποσιακοῖς

332 1725 386 1785 καλ
409 1721 698 1806 Χαριτοβλέφαρον
730 1717 787 1783 καλ
815 1718 984 1801 Λαμπιτὼ
1017 1719 1193 1786 καλείσθω
1226 1717 1328 1787 αὐτόν
1361 1737 1459 1808 φησιν
1486 1719 1555 1788 σἰπέ

333 1852 418 1903 τινος
441 1825 584 1911 ἑταίρας;
609 1827 739 1910 Didymi
761 1827 866 1894 locum
889 1828 1041 1910 apposuit
1064 1827 1161 1894 etiarn
1184 1828 1369 1895 Athenaeus
1383 1829 1463 1895 XIII
1478 1829 1552 1896 593.

334 1936 468 2002 eundem
493 1953 564 2002 esse
580 1935 723 2001 Neonem
747 1941 780 2001 et
804 1933 953 2001 Cleonem
975 1937 1082 2016 patet:
1112 1939 1220 2001 utrum
1242 1954 1359 2001 nomen
1380 1936 1488 2002 uerius
1512 1937 1555 2002 sit

332 2045 509 2125 ignoratur.
546 2047 655 2108 tamen
678 2047 804 2108 erraret
826 2042 882 2124 qui
906 2040 1036 2108 Suidam
1059 2043 1100 2110 ad
1124 2043 1324 2108 coniunctam
1347 2043 1498 2110 Favorini
1521 2048 1555 2110 et

302 2222 310 2228 ..
332 2150 462 2232 Didymi
488 2149 675 2216 memoriam
698 2153 875 2228 reuocaret,
905 2149 1022 2212 nedum
1052 2148 1094 2213 ad
1116 2148 1302 2230 Diogenem.
1338 2167 1413 2216 nam
1437 2149 1554 2216 Suidae

335 2261 446 2321 auctor
482 2256 551 2320 sine
586 2255 682 2320 dubio
720 2274 737 2321 e
770 2252 987 2337 pulcritudine
1017 2258 1052 2318 et
1077 2253 1213 2319 molliIie
1241 2251 1398 2320 Demetrii
1426 2256 1556 2322 nomina

333 2364 487 2428 femInina
504 2363 634 2444 repetit,
658 2367 755 2445 atque
772 2360 949 2428 censendus
966 2365 1016 2426 est
1031 2361 1072 2425 ad
1089 2361 1230 2427 convicia
1254 2362 1481 2429 detrectatoria
1504 2381 1555 2429 re-

334 2472 418 2552 dire,
443 2470 554 2553 quales
579 2470 693 2535 eximio
717 2471 786 2536 viro
810 2468 976 2534 Demetrio
1000 2467 1163 2550 contigere
1185 2469 1331 2551 plurimi,
1354 2470 1428 2536 vide
1451 2472 1555 2537 Durin

335 2582 368 2644 et
393 2576 574 2660 Caryatium
598 2577 757 2643 Athenaei
780 2576 856 2661 (IIII
881 2576 969 2660 542).
1009 2580 1122 2640 contra
1148 2575 1319 2658 Didymon,
1349 2595 1427 2643 usus
1450 2597 1556 2660 gram-

334 2685 460 2750 maticis
472 2681 547 2769 περὶ
563 2679 731 2769 ἑταιρίδων
744 2683 991 2764 commentariis,
1008 2681 1138 2746 aliunde
1154 2681 1266 2747 eadem
1281 2685 1411 2748 nomina
1425 2685 1554 2767 repetit.

335 2792 450 2875 quodsi
473 2791 655 2874 Hesychius
679 2809 698 2856 a
720 2791 856 2874 Didymo
881 2789 1042 2870 abhorret,
1072 2806 1143 2854 cum
1165 2788 1316 2854 Favorini
1339 2789 1556 2858 Memorabili-

334 2900 395 2966 bus
420 2917 459 2964 ea
481 2903 608 2964 tantum
637 2899 677 2963 de
707 2917 804 2964 causa
832 2897 1004 2964 cohaerere
1032 2894 1208 2961 censendus
1237 2899 1287 2962 est
1314 2896 1399 2979 quod
1421 2898 1492 2980 ipse
1515 2899 1557 2964 ad

335 3011 484 3072 auctores
508 3005 580 3071 illos
603 3006 755 3072 Favorini
777 3006 871 3071 redit.
919 3003 1003 3087 quis·
1019 3003 1157 3085 denique
1186 3002 1323 3084 spondet
1350 3003 1556 3071 librariorum

336 3115 462 3179 demum
485 3113 608 3178 incuria
630 3111 749 3178 facturn
774 3131 844 3178 esse
878 3117 916 3177 ut
945 3111 1074 3177 nomina
1097 3109 1173 3175 Cleo
1197 3115 1231 3175 et
1253 3109 1322 3176 Neo
1351 3111 1555 3193 discrepent?

336 3222 443 3302 gravis
476 3220 566 3286 locus
601 3220 634 3285 in
661 3220 841 3302 Protagora
869 3225 928 3285 est.
976 3217 1090 3285 Suidas
1121 3217 1205 3282 enim
1233 3215 1397 3304 ἐπεκλήθη
1430 3216 1556 3307 πρῶτος

336 3321 429 3402 οὗτος
457 3329 624 3412 σοφιστής·
653 3327 780 3413 πρῶτος
802 3327 832 3390 δ’
858 3321 951 3400 οὗτος
973 3323 1049 3400 τούς
1075 3321 1248 3412 ἐριστικοὺς
1271 3323 1383 3408 λόγους
1405 3320 1479 3412 εὗρε
1502 3331 1557 3389 καὶ

337 3431 450 3514 ἀγῶνα
486 3431 592 3514 λόγων
627 3433 810 3518 ἐποιήσατο.
859 3434 1022 3516 DIogenes
1044 3433 1091 3498 IX
1115 3431 1157 3497 50
1188 3429 1331 3497 έκαλοίτο
1366 3436 1480 3519 σοφία,
1516 3429 1558 3508 ὥς

337 3559 416 3627 φησι
440 3543 479 3606 Φ.
505 3541 541 3607 ἐν
565 3547 607 3607 11.
617 3539 650 3606 Ἱ.
680 3542 734 3605 καὶ
761 3545 886 3627 πρῶτος
915 3540 976 3628 ἔφη
1003 3536 1061 3606 δύο
1088 3537 1202 3622 λόγους
1229 3541 1314 3606 εἶναι
1339 3545 1412 3624 περὶ
1434 3539 1558 3615 παντὸς

337 3647 525 3733 πράγματος
549 3644 786 3731 ἀντικειμένους
808 3643 967 3732 ἀλλήλοις,
992 3645 1038 3721 οἷς
1056 3649 1111 3710 καὶ
1125 3645 1300 3732 συνηρώτα,
1322 3651 1449 3730 πρῶτος
1463 3651 1557 3712 τοῦτο

337 3753 471 3841 πράξας.
508 3755 535 3820 si
561 3755 719 3820 Favorino
750 3773 827 3820 usus
857 3759 944 3820 esset
965 3752 1160 3837 HesycthS,
1189 3755 1290 3838 σοφία
1318 3757 1376 3818 aut
1402 3752 1558 3838 σοφιστής

339 3867 523 3944 corruptum
547 3866 633 3927 esset
655 3861 845 3927 habendum.
883 3861 973 3943 atqui
997 3860 1174 3942 sophistam
1197 3859 1334 3941 primum
1357 3858 1456 3925 funsse
1479 3859 1557 3926 Pro·

337 3974 484 4051 tagoram
506 3986 599 4032 nemo
623 3967 761 4049 ignorat,
786 3973 898 4034 contra
920 3966 1064 4033 Zellerus
1086 3967 1253 4034 verissime
1275 3964 1435 4032 intellexit
1456 3966 1558 4032 Fauo-

337 4077 443 4141 rinum
467 4093 641 4156 cognomen
656 4075 842 4156 Democriti,
866 4074 921 4157 qui
937 4073 1109 4140 secundum
1124 4091 1293 4156 perversas
1316 4077 1459 4139 aetatum
1475 4091 1559 4139 com-

338 4183 522 4264 putationes
537 4181 735 4263 Protagorae
752 4186 945 4264 praeceptor
967 4178 1141 4261 ferebatur,
1163 4180 1204 4247 ad
1219 4180 1431 4261 Protagoram
1453 4185 1559 4246 trans-

338 4289 461 4354 tulisse.
497 4287 645 4353 similiter
660 4287 877 4354 Philostratus
900 4289 933 4353 in
957 4305 1048 4354 suam
1062 4288 1262 4369 Protagorae
1276 4287 1377 4353 uitam
1392 4306 1559 4370 magorum

341 4394 583 4461 contubernium
612 4413 630 4458 a
657 4395 842 4461 Democrito
876 4411 1046 4477 perperam
1080 4394 1218 4460 traiecit.
1274 4412 1351 4476 ergo
1386 4393 1558 4476 Diogenes,
