3506 5272
1381 487 1443 550 163

222 669 354 752 Epicuri
377 667 532 749 scholam,
563 669 652 733 cuius
680 667 803 733 duobus
828 665 965 732 saeculis
987 669 1063 747 post
1084 662 1229 730 florentis
1252 665 1322 748 ipse
1345 665 1444 748 parti-

224 795 297 860 ceps
321 777 385 842 sitl
428 793 534 840 nonne
556 775 604 840 ita
627 774 682 857 qui
705 773 873 840 videbatur
896 775 981 839 inter
996 771 1190 855 Hesychium
1214 777 1247 838 et
1269 772 1445 855 Diogenem

222 887 402 953 dissensus·
421 883 541 966 optime
576 883 768 965 explicatur,
804 883 961 964 simulque
996 882 1172 964 percipitur
1207 881 1282 962 quid
1316 881 1446 947 intersit

223 994 308 1058 inter
332 991 494 1057 saeculum
518 995 657 1071 sextum,
689 1008 759 1056 cum
788 989 890 1056 omnis
918 988 1122 1071 philosophia
1146 989 1209 1054 iam
1233 1007 1252 1054 a
1275 988 1389 1054 timore
1413 992 1447 1053 et

223 1099 296 1165 odio
321 1097 575 1164 Christianorum
600 1097 661 1166 coli
684 1097 786 1163 vetita
809 1101 905 1177 esset,
931 1100 964 1161 et
986 1097 1133 1176 tertium,
1158 1093 1286 1161 effetum
1309 1094 1389 1160 illud
1413 1098 1446 1160 et

223 1206 431 1288 degenerum,
462 1224 533 1272 cum
561 1206 632 1288 ipsa
655 1203 864 1291 παραδόσεως
888 1222 970 1287 quae
1000 1208 1133 1270 eatenus
1162 1202 1224 1269 iuit
1248 1203 1445 1269 continuatio

222 1320 320 1397 atque
355 1315 523 1380 sinceritas
558 1332 622 1379 non
662 1314 767 1378 minus
801 1311 929 1378 labaret
968 1331 1063 1395 quam
1103 1311 1272 1394 imperinm
1307 1311 1446 1377 Graeco·

222 1423 408 1503 Romanum,
434 1439 504 1487 oum
526 1420 802 1503 ingeniosissimus
826 1419 960 1502 quisque
984 1424 1041 1484 aut
1062 1419 1236 1501 religiones
1259 1418 1445 1484 exoriente

222 1529 340 1594 sensim
355 1546 415 1610 per
430 1527 582 1594 mundum
598 1528 771 1610 gliscentes
786 1531 1001 1609 promoveret,
1021 1527 1135 1593 sollers
1150 1527 1183 1591 in
1199 1527 1357 1592 maiorum
1370 1525 1445 1592 reli·

222 1637 315 1718 gione
338 1636 491 1717 moribus,
516 1635 640 1702 artibus
663 1635 800 1716 litteris,
825 1635 950 1702 dicendi
975 1636 1137 1718 cogitandi
1160 1635 1338 1702 rationibus
1360 1635 1446 1717 proi·

222 1742 341 1810 ciendis
366 1747 398 1808 et
422 1743 632 1825 extirpandis,
657 1748 722 1825 aut,
747 1743 822 1809 dum
846 1743 907 1809 sibi
926 1743 1091 1809 videretur
1114 1743 1235 1809 tradita
1258 1761 1277 1807 a
1299 1741 1446 1824 patribus

221 1869 314 1918 sacra
347 1851 498 1933 religiose
533 1867 675 1930 servare,
706 1850 848 1916 ventosis
872 1854 905 1915 et
933 1849 1080 1916 obscenis
1114 1849 1305 1932 peregrinae
1336 1866 1446 1930 super-

222 1958 363 2024 stitionis
398 1963 430 2023 et
460 1958 632 2023 ementitae
667 1958 747 2023 artis
781 1956 948 2023 lenociniis
984 1957 1181 2039 inquinaret,
1216 1956 1330 2038 vulgus
1359 1975 1444 2038 vero,

223 2083 240 2130 e
264 2080 326 2147 quo
343 2064 506 2148 Diogenes
521 2065 652 2148 prodiit,
677 2084 781 2149 nequa
805 2070 916 2131 tenere
939 2069 1051 2132 uetera
1074 2083 1176 2147 neque
1198 2065 1348 2148 amplecti
1363 2083 1446 2130 nova

226 2172 365 2254 valeret,
400 2177 438 2238 ut
467 2177 555 2239 recte
584 2173 721 2241 historia
747 2173 920 2256 plerosque
948 2173 1068 2240 saeordi
1091 2173 1181 2240 tertii
1203 2172 1357 2240 mortales
1381 2191 1444 2239 non

221 2284 386 2362 respectos
410 2285 614 2364 transgressa
637 2281 687 2346 sit.
727 2279 815 2364 iacit,
839 2281 902 2348 nisi
922 2280 1025 2364 fallor,
1049 2286 1253 2364 momentum,
1278 2281 1329 2348 vel
1348 2300 1446 2348 unum

222 2387 262 2453 da
295 2387 390 2471 plebe
425 2389 489 2454 ista
522 2390 664 2470 novisse,
699 2407 758 2455 nec
792 2389 896 2457 habeo
930 2395 1073 2484 praeter·
1096 2389 1281 2472 empiricam
1317 2389 1446 2456 Sextum

221 2497 276 2578 qui
313 2495 408 2563 huius
446 2499 566 2564 saeculi
605 2498 778 2580 imaginem
820 2503 887 2565 tam
924 2498 1103 2566 luculenter
1141 2496 1181 2563 ab
1220 2496 1280 2564 hac
1318 2497 1446 2581 quidem

220 2609 314 2686 parte
349 2605 501 2670 inlustret
532 2624 627 2688 quam
657 2606 834 2687 Diogenem
864 2606 968 2690 qualis
995 2605 1088 2672 nobis
1123 2605 1282 2687 adparuit.
1336 2623 1445 2688 quam-

221 2730 316 2792 quam
359 2715 449 2776 aetas
491 2713 560 2777 eius
599 2714 731 2778 ineerta.
796 2714 853 2778 sed
891 2714 975 2779 siout
1014 2717 1088 2779 ante
1128 2712 1363 2780 Diocletianum
1400 2713 1446 2779 xi·

222 2816 316 2883 detur
349 2818 460 2900 ntique
487 2816 602 2900 fuisse,
632 2820 679 2887 ita
707 2839 842 2903 vergens
870 2822 1098 2904 potiusquam
1126 2839 1260 2903 surgens
1284 2821 1446 2888 saeculum

221 2943 337 2990 nomen
371 2925 498 2991 videtur
534 2927 763 2994 demonstrare.
824 2948 882 3012 ego
919 2929 1002 2994 enim
1040 2947 1144 3011 neque
1179 2929 1273 2996 credo
1308 2929 1445 2998 scribam

223 3031 378 3115 Stephani
400 3034 563 3116 Byzantii,
588 3036 643 3117 qui
665 3040 814 3122 Aaaprda
837 3041 991 3121 Διογένην
1014 3036 1174 3103 intellexit
1197 3036 1316 3104 Laerta
1339 3038 1445 3105 oriun-

221 3142 306 3224 dum,
331 3141 527 3226 sequendum
552 3161 637 3224 esse,
667 3148 700 3210 et
728 3163 783 3212 eos
812 3144 866 3228 qui
889 3145 995 3211 nescio
1020 3144 1105 3228 quod
1128 3163 1243 3212 noman
1267 3145 1444 3213 Romanurn

221 3251 419 3335 gentilicium
454 3250 654 3316 somniantur
688 3252 787 3318 rideo.
838 3253 1000 3320 nominavi
1033 3253 1209 3336 Diogenem
1245 3258 1278 3320 et
1311 3273 1444 3337 pergam

220 3359 281 3425 hoo
303 3358 418 3439 iacere,
444 3377 636 3442 quamquam
652 3360 815 3427 Laertium
838 3365 874 3427 tu
897 3379 1001 3444 vocas,
1026 3380 1129 3444 neque
1152 3361 1213 3428 tibi
1229 3361 1366 3428 alterum
1390 3363 1444 3430 ob-

220 3467 325 3533 trudo.
378 3465 529 3533 nimirum
551 3466 647 3533 iussis
675 3488 739 3535 non
762 3487 912 3552 paremus
936 3469 999 3536 nisi
1021 3470 1171 3552 rationis,
1203 3470 1320 3538 nedum
1343 3470 1444 3538 bomi-

219 3595 295 3642 num
322 3576 356 3640 in
388 3573 510 3640 Graece
544 3573 719 3642 formandis
748 3576 928 3644 nominibus
951 3576 1168 3644 titubantium.
1222 3580 1306 3645 ratio
1336 3584 1443 3646 autern

220 3687 322 3765 docet,
347 3700 462 3750 nomen
488 3682 603 3748 Graeci
627 3683 765 3751 hominis
788 3684 886 3751 fuisse
908 3685 1095 3768 Diogenem,
1120 3686 1177 3753 sed
1200 3687 1324 3769 signum
1346 3687 1443 3754 Laer-

220 3795 315 3875 tium,
346 3791 517 3857 formatum
548 3810 568 3855 a
590 3792 709 3857 Laerta
731 3793 901 3859 Homerico
930 3799 966 3860 ut
989 3793 1156 3862 Nestorios
1179 3794 1347 3861 Heraclius
1370 3795 1443 3862 Pla·

219 3901 325 3966 tonios
359 3900 589 3981 innumeraque
624 3900 688 3966 alia
723 3901 827 3984 signa,
871 3919 953 3985 quae
991 3881 1048 3969 aut
1086 3902 1223 3970 historia
1258 3901 1351 3970 offert
1386 3910 1443 3972 aut

219 4007 357 4091 lapides,
390 4008 444 4090 qui
466 4009 554 4075 hisce
577 4009 678 4091 signis
705 4015 827 4077 certum
858 4009 1004 4076 tribuunt
1026 4011 1131 4078 locum
1154 4011 1241 4095 (mox
1264 4030 1311 4078 ex.
1337 4031 1383 4096 gr.
1408 4015 1442 4080 in

219 4115 289 4185 foro
306 4115 443 4180 Traiano
466 4117 567 4182 multa
590 4117 737 4202 videbis),
762 4122 818 4184 aut
840 4122 952 4183 nostra
976 4119 1185 4196 consuetudo:
1211 4137 1284 4184 nam
1304 4120 1441 4204 Eugenii

220 4225 351 4307 Georgii
375 4222 524 4306 Gregorii
554 4224 747 4307 stephaniae
776 4225 920 4292 Hilariae
949 4226 1110 4292 Macariae
1144 4226 1274 4292 axillis
1303 4229 1440 4295 saeculis

219 4332 419 4416 proveniunt.
472 4331 529 4398 sed
557 4332 666 4415 potius
697 4331 822 4401 Claudii
852 4352 947 4417 quam
977 4332 1161 4402 Caracallae
1190 4338 1345 4417 aetatem,
1377 4338 1440 4404 nisi

219 4441 323 4522 fallor,
349 4440 473 4524 signum
497 4441 625 4507 indicat.

662 4565 665 4570 ’
1228 4549 1278 4605 11*
