3506 5272
1167 654 1171 734 t
1255 653 1382 708 Laertius
1400 653 1476 707 vni.

328 773 427 854 patre
446 765 644 831 Mnesarcho
667 770 776 850 nuper
796 761 929 836 amisso,
953 784 1048 848 quem
1071 785 1154 828 com·

327 873 424 961 peri'o
469 871 557 937 i'nter
600 869 791 937 sellularios
835 869 978 956 artifices
1009 870 1155 956 gemmis

325 979 511 1065 faberrime
537 977 726 1065 sculpendis
751 977 884 1042 landem
911 976 1022 1064 magis
1053 1000 1154 1064 qnam

332 1095 421 1174 opem
443 1085 631 1173 quaesiisse.
1218 1081 1221 1089 ⁴

333 1194 425 1262 Sunt
445 1193 508 1280 qni
520 1195 561 1259 P.
578 1191 676 1257 aiant
688 1213 723 1257 eo
739 1191 894 1278 temporis
908 1191 998 1258 inter
1012 1191 1156 1279 captiuos

334 1301 506 1386 Cambysae
526 1297 618 1384 regis
632 1299 820 1384 Aegyptum
835 1320 910 1364 cum
925 1300 1151 1373 adveheretur,

325 1409 474 1472 'doctores
495 1405 647 1471 habuisse
661 1407 848 1471 Persarum
863 1428 978 1492 magos
1000 1428 1038 1471 oo
1054 1414 1154 1493 pree·

331 1513 428 1600 cipue
462 1514 668 1578 Zoroastrem
702 1509 811 1576 omnis
845 1510 961 1576 di'ai'm'
990 1534 1153 1578 arcannm

330 1620 526 1694 antestitem,
551 1626 726 1707 posteaque
752 1640 828 1684 enm
850 1619 1036 1704 aquodam
1062 1619 1154 1686 Gillo

334 1726 599 1794 Crotoniensium
617 1725 773 1814 principe
796 1724 1026 1811 reciperatum.

342 1837 464 1902 Verum
490 1833 580 1900 enim
609 1855 685 1899 vero
712 1831 866 1899 celebrior
887 1834 993 1916 fama
1024 1833 1150 1909 obtinet,

330 1949 443 2030 sponte
478 1963 554 2006 enm
586 1941 706 2028 petisse
738 1939 920 2027 Aegyptias
957 1939 1154 2028 discophorus

329 2056 427 2136 atque
454 2049 503 2114 ibi
528 2071 549 2113 a
571 2047 788 2115 sacerdotibus
815 2046 1075 2114 cerimoniarum
1100 2049 1153 2114 in·

330 2156 516 2221 credundas
524 2155 690 2242 potentias
701 2175 920 2219 numerorum
932 2154 1153 2222 admirandas

329 2262 415 2328 vices
447 2260 649 2348 geometriae
681 2260 926 2327 sollertissimas
951 2264 1152 2346 formulas:

330 2345 387 2434 hec
423 2367 478 2433 hi's
514 2366 644 2432 artibus
681 2367 835 2434 animum
873 2369 1038 2456 expletum
1073 2392 1152 2436 mox

332 2477 511 2544 Chaldaeos
532 2481 629 2561 atque
651 2474 729 2540 inde
743 2477 974 2541 Brachmanos
990 2526 998 2541 .
1012 2526 1020 2541 .
1036 2498 1151 2543 eornm

327 2608 406 2672 ergo
416 2585 672 2650 Brachmannm
683 2583 972 2670 gymnosophistas
983 2583 1150 2652 adiisse...

330 2690 424 2778 Quin
461 2690 562 2756 etiam
596 2691 797 2776 Pherecydes
834 2689 918 2776 Syro
955 2712 999 2756 ex
1036 2691 1151 2758 insula

327 2798 496 2864 oriundus

327 2928 402 2971 eum
430 2926 557 2992 quoqne
579 2905 791 2991 Pythagoras
818 2903 1021 2990 magistrum
1050 2906 1155 2972 coluit
1486 2915 1504 2997 ξ
1528 2917 1547 2980 2

326 3019 358 3078 et
378 3011 523 3099 infandi
539 3010 648 3077 morbi
660 3010 880 3098 putretudine
895 3009 934 3076 i'n
948 3012 1151 3099 serpentium
1179 3021 1392 3106 [Neanthes
1416 3021 1453 3088 cf,
1471 3023 1548 3088 Por-

327 3118 463 3186 scabiem
485 3120 632 3185 solutum
657 3117 811 3204 religiose
832 3118 995 3184 humavit.
1222 3129 1314 3211 phyr,
1338 3129 1372 3214 3]

327 3229 452 3293 Fertur
474 3233 506 3292 et
521 3234 622 3314 penes
643 3225 950 3291 Anaximandrum
973 3226 1150 3294 hdilesi'nm
1179 3236 1380 3320 [Apollonius
1433 3237 1547 3319 Tyrius
1644 3307 1648 3322 ,

327 3333 534 3400 naturabilia
557 3338 792 3399 commentatus
1224 3343 1260 3410 cf.
1286 3344 1440 3427 Porphyr.
1471 3341 1546 3426 §2]

327 3464 384 3506 nee
405 3464 473 3507 non
495 3446 527 3506 et
541 3443 722 3507 Cretensem
738 3439 968 3527 Epimenidem
996 3439 1150 3505 inclitum
1378 3513 1383 3526 Ι

315 3549 530 3635 fatiloquum
563 3554 596 3612 et
621 3547 786 3634 piatorem
813 3546 1011 3633 disciplinae
1031 3530 1150 3632 ¹gratia
1485 3557 1546 3642 §3

326 3664 466 3724 sectatus
983 3661 986 3669 ‘
1618 3633 1621 3641 Δ

327 3765 468 3851 itemque
501 3763 759 3829 Leodamantem
796 3760 973 3849 Creophyli
1006 3760 1150 3848 discipu·
1177 3754 1194 3959 Ι
1485 3825 1503 3906 ἓ
1527 3825 1546 3888 2

327 3873 366 3938 ln

321 3978 460 4066 primus
476 3972 706 4065 philosophiae
720 3982 932 4063 nnmnpator
951 3982 984 4041 et
1003 3974 1152 4041 eonditor
1201 3975 1428 4044 Sosiorutes
1484 3976 1547 4058 §6

327 4086 420 4152 nihil
445 4084 551 4173 prins
582 4083 762 4172 discipulos
795 4106 872 4149 suos
905 4081 1019 4148 docuit
1048 4105 1150 4168 quam

327 4199 445 4266 tacere,
471 4191 652 4279 primaque
677 4193 771 4279 opud
795 4213 870 4256 enm
904 4188 1071 4256 medi'toh'o
1098 4211 1149 4254 sa-

322 4298 435 4386 pienti
457 4300 589 4383 futuro
630 4297 789 4384 linguam
827 4320 953 4363 omnem
990 4317 1151 4362 coercere:

328 4407 486 4492 verbaque
523 4427 607 4492 quae
643 4405 791 4472 volantia
822 4406 936 4492 poetae
970 4404 1147 4490 appellant,
