3506 5272
200 681 378 749 Laert.VIII‚
391 683 429 766 1η
475 723 478 727 .
560 679 684 734 Clemens
703 679 802 734 Strom.
931 674 935 758 λ
1087 679 1265 750 Porphyrius.

441 789 919 884 τῇσποδῷτόπονμῆἆπο-

441 902 588 982 λιπεῖν,
625 895 725 964 ἀλλὰ
761 907 920 982 συγχεῖν

440 1013 669 1093 προσέταττε
700 1012 763 1071 καὶ
790 1005 920 1091 ταροίτ-

440 1139 524 1180 τειν
538 1112 785 1189 ἀναστάντας
800 1114 840 1192 ἐξ
862 1111 920 1179 εό-

441 1223 508 1307 νῆς
541 1223 586 1284 τό
621 1219 842 1307 στρώματα·
879 1217 919 1286 οὗ

440 1325 504 1416 γδρ
531 1330 588 1394 τόν
618 1328 719 1394 τόπον
749 1320 920 1414 ἀφανίζειν

441 1436 544 1519 μόνον
573 1435 641 1500 δεῖν
663 1431 811 1526 ᾐνίττετο,
834 1431 919 1498 ἄλλα

441 1541 523 1627 μηδὲ
553 1538 649 1627 ὀργῆς
683 1544 774 1622 ἴχνος
807 1537 921 1606 ἄπολι-

442 1660 528 1712 πεῖν·
557 1647 643 1713 ἐπὰν
670 1648 700 1713 δ’
734 1643 921 1724 ἀναζέσασα

441 1755 602 1840 παόσηται
619 1758 849 1819 καθίστασθαι
864 1752 922 1819 αό-

442 1858 500 1945 τὴν
522 1869 577 1926 καὶ
592 1867 704 1927 πᾶσαν
725 1858 921 1946 ἀπαλείφειν

441 1974 662 2055 μνησικακίαν.

443 2077 473 2142 3.
499 2075 548 2163 τῷ
570 2075 692 2165 ὁμοίῳ
712 2076 843 2165 τρόπῳ
859 2075 921 2139 καί

442 2180 460 2266 ἦ
498 2187 608 2268 κοίτη
645 2181 921 2272 ταράσσεσθαι

444 2301 717 2373 παραινεῖται,
764 2288 806 2365 ὦς
842 2287 928 2375 μήτε

442 2391 644 2480 ὃνειριογμοό
658 2421 744 2473 τινος
761 2399 843 2484 μηδὲ
857 2395 922 2481 μην

442 2500 547 2567 ὕπνου
576 2504 654 2586 μεθ’
681 2502 804 2591 ἡμέραν
832 2501 919 2569 ἀλλα

442 2609 523 2695 μηδὲ
545 2609 600 2696 τῆς
623 2610 660 2676 ἒν
688 2617 777 2674 νυκτὶ
804 2610 922 2699 ἡδονῆς

441 2720 630 2804 μεμνῆσθαι
653 2717 707 2786 ἔτι.

444 2824 473 2887 4.
500 2823 602 2888 πόλιν
652 2824 717 2888 ἐπὶ
766 2830 827 2911 γῆς
874 2829 922 2911 μὴ

443 2930 560 2996 πλεῖν
594 2931 826 3015 Πυθαγόρειον
855 2933 922 2998 ἐστι

443 3037 621 3120 σύμβολον·
639 3037 733 3124 δηλοῖ
746 3040 784 3104 δὲ
794 3038 834 3104 τοὶ
847 3038 921 3126 τέλη

443 3148 560 3208 καὶτὰ
586 3142 684 3230 ὅμοια
712 3148 776 3211 τῶν
797 3151 922 3232 μισθω-

441 3249 555 3332 μοίτων
570 3251 743 3339 ταραχώδη
755 3253 810 3317 καί
825 3254 921 3317 ἄστα-

442 3377 484 3421 τα
497 3360 578 3424 ὄντα
590 3363 825 3448 παραιτεῖσθαι
841 3360 919 3426 δεῖν.

204 3466 251 3556 [ἓν
294 3470 415 3534 δακτο-
443 3468 472 3531 6.
490 3463 594 3530 πόλιν
610 3463 921 3535 δἀίδακτιίίιον
952 3479 1001 3542 10.
1038 3480 1141 3543 θεῶν
1186 3473 1343 3552 εἰκόνας
1385 3478 1427 3544 ἐν

203 3577 260 3663 λίηο
303 3576 414 3641 είκόνα
441 3571 921 3660 μὴφορείνμηδὲείκόνας
949 3582 1173 3657 δακτυλίοις
1210 3583 1258 3669 μη
1293 3589 1428 3673 φέρειν

203 3686 285 3749 θεοῦ
299 3681 343 3770 μη“
361 3708 415 3747 πε·
442 3677 576 3754 αὐτοῖς
663 3681 921 3767 ἕγχαρόσσειν
948 3694 1085 3755 τουτέστι
1108 3688 1166 3776 τὴν
1180 3691 1244 3756 τόν
1263 3694 1354 3756 θεῶν
1376 3689 1427 3756 δό-

203 3789 370 3878 ριφέρειν].
442 3786 546 3852 θεῶν
594 3792 765 3874 παρεγγυᾷ
810 3788 827 3853 ὅ
877 3794 918 3858 Π,
949 3800 1009 3874 ξαν
1043 3803 1098 3861 καὶ
1132 3796 1231 3877 λόγον
1254 3797 1427 3884 πρόχειρον

442 3892 626 3971 ἕξευτελίζει
664 3893 727 3983 γαρ
768 3898 825 3981 τὴν
862 3898 920 3963 τοῦ
947 3905 1028 3989 μηδὲ
1060 3901 1204 3992 φανερόν
1235 3903 1320 3986 ἔχειν
1346 3904 1428 3990 μηδὲ

441 4004 536 4065 θείου
560 4000 733 4088 σεμνότητα
755 4001 774 4088 ἡ
793 4003 828 4069 ἐν
844 4003 920 4070 ἑτοί-
948 4013 993 4085 είς
1014 4009 1153 4086 πολλοὺς
1176 4013 1360 4097 προφέρειν.

442 4130 490 4194 μη)
512 4113 568 4192 τῆς
591 4109 699 4195 ὄψεως
718 4110 918 4197 συνήθεια..

203 4214 415 4315 [τοὶςλειοφό-
443 4212 922 4303 7.τό“ιςλεωφόρουςδδοδς
950 4227 979 4289 7.
1015 4221 1081 4300 τὰς
1118 4222 1342 4310 λεωφόρους
1378 4224 1426 4311 μὴ

202 4340 276 4404 ρους
297 4343 340 4403 μη
355 4324 414 4402 βα·
442 4320 620 4404 βαδίζειν
651 4323 920 4410 προστοίττειν
947 4331 1140 4413 βαδίζειν,
1165 4331 1204 4395 δι’
1223 4325 1261 4395 οὗ
1276 4343 1347 4408 ταῖς
1362 4339 1427 4399 τῶν

202 4425 323 4508 δίζειν].
442 4430 490 4512 μή
527 4428 612 4494 δεῖν
646 4440 715 4505 ταῖς
749 4434 813 4497 τῶν
841 4435 919 4498 πολ·
947 4437 1080 4502 πολλῶν
1110 4441 1251 4504 ἕπεσθαι
1281 4441 1426 4528 γνώμαις

255 4530 365 4584 Philolog.
381 4531 579 4588 Untersuehuugon
589 4535 628 4575 111.
1231 4547 1248 4602 7
