<?xml version="1.0" encoding="UTF-8"?>
<!DOCTYPE html PUBLIC "-//W3C//DTD XHTML 1.0 Transitional//EN"
    "http://www.w3.org/TR/xhtml1/DTD/xhtml1-transitional.dtd">
<html xmlns="http://www.w3.org/1999/xhtml" xml:lang="en" lang="en">
 <head>
  <title>
</title>
<meta http-equiv="Content-Type" content="text/html;charset=utf-8" />
  <meta name='ocr-system' content='tesseract 3.04.00' />
  <meta name='ocr-capabilities' content='ocr_page ocr_carea ocr_par ocr_line ocrx_word'/>
</head>
<body>
  <div class='ocr_page' id='page_1' title='image "./debiographisgra00maasgoog_0110.png"; bbox 0 0 3506 5272; ppageno 0'>
   <div class='ocr_carea' id='block_1_1' title="bbox 1431 438 1490 501">
    <p class='ocr_par' dir='ltr' id='par_1_1' title="bbox 1431 438 1490 501">
     <span class='ocr_line' id='line_1_1' title="bbox 1431 438 1490 501; baseline -0.034 -1"><span class='ocrx_word' id='word_1_1' title='bbox 1431 438 1490 501; x_wconf 85' lang='lat'>101</span> 
     </span>
    </p>
   </div>
   <div class='ocr_carea' id='block_1_2' title="bbox 205 611 1495 4013">
    <p class='ocr_par' dir='ltr' id='par_1_2' title="bbox 266 611 1495 2199">
     <span class='ocr_line' id='line_1_2' title="bbox 357 611 1493 696; baseline 0.001 -18"><span class='ocrx_word' id='word_1_2' title='bbox 357 614 388 678; x_wconf 92' lang='lat' dir='ltr'>b.</span> <span class='ocrx_word' id='word_1_3' title='bbox 413 615 589 694; x_wconf 91' lang='lat' dir='ltr'>Postquam</span> <span class='ocrx_word' id='word_1_4' title='bbox 621 616 784 677; x_wconf 90' lang='lat' dir='ltr'>ostensum</span> <span class='ocrx_word' id='word_1_5' title='bbox 814 616 864 676; x_wconf 94' lang='lat' dir='ltr'>est</span> <span class='ocrx_word' id='word_1_6' title='bbox 892 611 1044 675; x_wconf 88' lang='lat' dir='ltr'>habuisse</span> <span class='ocrx_word' id='word_1_7' title='bbox 1073 612 1171 676; x_wconf 89' lang='lat' dir='ltr'>etiam</span> <span class='ocrx_word' id='word_1_8' title='bbox 1193 613 1386 680; x_wconf 86' lang='lat' dir='ltr'>Favorinum</span> <span class='ocrx_word' id='word_1_9' title='bbox 1417 614 1493 696; x_wconf 85' lang='lat' dir='ltr'>dog-</span> 
     </span>
     <span class='ocr_line' id='line_1_3' title="bbox 267 719 1493 803; baseline 0.002 -18"><span class='ocrx_word' id='word_1_10' title='bbox 267 725 389 786; x_wconf 83' lang='lat' dir='ltr'><strong>matum</strong></span> <span class='ocrx_word' id='word_1_11' title='bbox 418 720 705 803; x_wconf 80' lang='lat' dir='ltr'>Pythagoricorum</span> <span class='ocrx_word' id='word_1_12' title='bbox 740 720 944 784; x_wconf 86' lang='lat' dir='ltr'>recensiones</span> <span class='ocrx_word' id='word_1_13' title='bbox 978 719 1054 783; x_wconf 87' lang='lat' dir='ltr'>vitis</span> <span class='ocrx_word' id='word_1_14' title='bbox 1089 720 1265 802; x_wconf 87' lang='lat' dir='ltr'>subiectas,</span> <span class='ocrx_word' id='word_1_15' title='bbox 1301 722 1340 787; x_wconf 91' lang='lat' dir='ltr'>de</span> <span class='ocrx_word' id='word_1_16' title='bbox 1376 723 1493 788; x_wconf 88' lang='lat' dir='ltr'>ceteris</span> 
     </span>
     <span class='ocr_line' id='line_1_4' title="bbox 268 826 1492 910; baseline 0.002 -18"><span class='ocrx_word' id='word_1_17' title='bbox 268 826 421 892; x_wconf 92' lang='lat' dir='ltr'>nonnulla</span> <span class='ocrx_word' id='word_1_18' title='bbox 451 827 568 892; x_wconf 90' lang='lat' dir='ltr'>addam</span> <span class='ocrx_word' id='word_1_19' title='bbox 599 827 645 891; x_wconf 89' lang='lat' dir='ltr'>ita</span> <span class='ocrx_word' id='word_1_20' title='bbox 674 832 796 906; x_wconf 90' lang='lat' dir='ltr'>tamen,</span> <span class='ocrx_word' id='word_1_21' title='bbox 825 831 862 890; x_wconf 90' lang='lat' dir='ltr'>ut</span> <span class='ocrx_word' id='word_1_22' title='bbox 890 826 970 890; x_wconf 90' lang='lat' dir='ltr'>artis</span> <span class='ocrx_word' id='word_1_23' title='bbox 1000 845 1049 890; x_wconf 92' lang='lat' dir='ltr'>me</span> <span class='ocrx_word' id='word_1_24' title='bbox 1074 827 1254 893; x_wconf 84' lang='lat' dir='ltr'>contineam</span> <span class='ocrx_word' id='word_1_25' title='bbox 1277 829 1342 894; x_wconf 93' lang='lat' dir='ltr'>illis</span> <span class='ocrx_word' id='word_1_26' title='bbox 1365 828 1492 910; x_wconf 91' lang='lat' dir='ltr'>finibus,</span> 
     </span>
     <span class='ocr_line' id='line_1_5' title="bbox 269 932 1491 1018; baseline 0.002 -18"><span class='ocrx_word' id='word_1_27' title='bbox 269 955 349 1018; x_wconf 92' lang='lat' dir='ltr'>quos</span> <span class='ocrx_word' id='word_1_28' title='bbox 362 953 414 1000; x_wconf 90' lang='lat' dir='ltr'>res</span> <span class='ocrx_word' id='word_1_29' title='bbox 428 935 595 1016; x_wconf 91' lang='lat' dir='ltr'>proposita</span> <span class='ocrx_word' id='word_1_30' title='bbox 607 933 826 1016; x_wconf 80' lang='lat' dir='ltr'>praescripsit.</span> <span class='ocrx_word' id='word_1_31' title='bbox 851 932 1027 997; x_wconf 90' lang='lat' dir='ltr'>Dielesium</span> <span class='ocrx_word' id='word_1_32' title='bbox 1040 933 1151 998; x_wconf 90' lang='lat' dir='ltr'>ducem</span> <span class='ocrx_word' id='word_1_33' title='bbox 1165 952 1281 1016; x_wconf 87' lang='lat' dir='ltr'>sequar</span> <span class='ocrx_word' id='word_1_34' title='bbox 1296 955 1327 1018; x_wconf 92' lang='lat' dir='ltr'>p.</span> <span class='ocrx_word' id='word_1_35' title='bbox 1345 937 1406 1000; x_wconf 88' lang='lat'>163</span> <span class='ocrx_word' id='word_1_36' title='bbox 1423 955 1491 1018; x_wconf 93' lang='lat' dir='ltr'>sqq.</span> 
     </span>
     <span class='ocr_line' id='line_1_6' title="bbox 268 1037 1493 1124; baseline 0 -18"><span class='ocrx_word' id='word_1_37' title='bbox 268 1046 352 1107; x_wconf 90' lang='lat' dir='ltr'>viam</span> <span class='ocrx_word' id='word_1_38' title='bbox 382 1046 602 1124; x_wconf 90' lang='lat' dir='ltr'>praeeuntem.</span> <span class='ocrx_word' id='word_1_39' title='bbox 648 1041 680 1104; x_wconf 91' lang='lat' dir='ltr'>Is</span> <span class='ocrx_word' id='word_1_40' title='bbox 709 1040 783 1104; x_wconf 89' lang='lat' dir='ltr'>inde</span> <span class='ocrx_word' id='word_1_41' title='bbox 813 1039 883 1104; x_wconf 88' lang='lat' dir='ltr'>iure</span> <span class='ocrx_word' id='word_1_42' title='bbox 915 1037 1141 1121; x_wconf 88' lang='lat' dir='ltr'>proficiscitur,</span> <span class='ocrx_word' id='word_1_43' title='bbox 1172 1042 1257 1124; x_wconf 90' lang='lat' dir='ltr'>quod</span> <span class='ocrx_word' id='word_1_44' title='bbox 1285 1042 1414 1123; x_wconf 89' lang='lat' dir='ltr'>saepius</span> <span class='ocrx_word' id='word_1_45' title='bbox 1445 1042 1493 1106; x_wconf 91' lang='lat' dir='ltr'>bi·</span> 
     </span>
     <span class='ocr_line' id='line_1_7' title="bbox 267 1148 1493 1232; baseline 0.001 -19"><span class='ocrx_word' id='word_1_46' title='bbox 267 1150 406 1231; x_wconf 88' lang='lat' dir='ltr'>partitas</span> <span class='ocrx_word' id='word_1_47' title='bbox 442 1150 644 1214; x_wconf 91' lang='lat' dir='ltr'>decretorum</span> <span class='ocrx_word' id='word_1_48' title='bbox 679 1148 819 1231; x_wconf 86' lang='lat' dir='ltr'>syllogas</span> <span class='ocrx_word' id='word_1_49' title='bbox 847 1148 996 1213; x_wconf 84' lang='lat' dir='ltr'>Laertius</span> <span class='ocrx_word' id='word_1_50' title='bbox 1031 1148 1142 1213; x_wconf 90' lang='lat' dir='ltr'>attulit</span> <span class='ocrx_word' id='word_1_51' title='bbox 1177 1167 1216 1213; x_wconf 90' lang='lat' dir='ltr'>ex</span> <span class='ocrx_word' id='word_1_52' title='bbox 1243 1149 1493 1232; x_wconf 88' lang='lat' dir='ltr'>Theophrasteis</span> 
     </span>
     <span class='ocr_line' id='line_1_8' title="bbox 269 1253 1495 1338; baseline -0.001 -17"><span class='ocrx_word' id='word_1_53' title='bbox 269 1256 473 1338; x_wconf 87' lang='lat' dir='ltr'>compilatam</span> <span class='ocrx_word' id='word_1_54' title='bbox 497 1262 675 1338; x_wconf 87' lang='lat' dir='ltr'>utramque,</span> <span class='ocrx_word' id='word_1_55' title='bbox 703 1255 852 1320; x_wconf 81' lang='lat' dir='ltr'>‘alteram</span> <span class='ocrx_word' id='word_1_56' title='bbox 875 1255 922 1319; x_wconf 85' lang='lat' dir='ltr'>ad</span> <span class='ocrx_word' id='word_1_57' title='bbox 941 1253 1129 1319; x_wconf 78' lang='lat' dir='ltr'>summaria</span> <span class='ocrx_word' id='word_1_58' title='bbox 1144 1254 1304 1320; x_wconf 72' lang='lat' dir='ltr'>adscitam</span> <span class='ocrx_word' id='word_1_59' title='bbox 1319 1279 1394 1322; x_wconf 83' lang='lat' dir='ltr'>cnm</span> <span class='ocrx_word' id='word_1_60' title='bbox 1414 1255 1495 1320; x_wconf 80' lang='lat' dir='ltr'>aztz&#39;s</span> 
     </span>
     <span class='ocr_line' id='line_1_9' title="bbox 267 1360 1493 1450; baseline 0.001 -23"><span class='ocrx_word' id='word_1_61' title='bbox 267 1361 379 1427; x_wconf 83' lang='lat' dir='ltr'>artz&#39;ns</span> <span class='ocrx_word' id='word_1_62' title='bbox 401 1361 610 1428; x_wconf 81' lang='lat' dir='ltr'>canannctam</span> <span class='ocrx_word' id='word_1_63' title='bbox 626 1360 805 1426; x_wconf 77' lang='lat' dir='ltr'>tractorem</span> <span class='ocrx_word' id='word_1_64' title='bbox 820 1363 1080 1447; x_wconf 61' lang='lat' dir='ltr'>confusaneam,</span> <span class='ocrx_word' id='word_1_65' title='bbox 1102 1363 1251 1428; x_wconf 80' lang='lat' dir='ltr'>‘alteram</span> <span class='ocrx_word' id='word_1_66' title='bbox 1269 1362 1493 1450; x_wconf 77' lang='grc' dir='ltr'><strong><em>ίινιβπίιοντνι</em></strong></span> 
     </span>
     <span class='ocr_line' id='line_1_10' title="bbox 266 1467 1493 1556; baseline 0.002 -22"><span class='ocrx_word' id='word_1_67' title='bbox 266 1469 477 1556; x_wconf 68' lang='lat' dir='ltr'>capaciorem</span> <span class='ocrx_word' id='word_1_68' title='bbox 496 1468 645 1556; x_wconf 66' lang='lat' dir='ltr'>physicas</span> <span class='ocrx_word' id='word_1_69' title='bbox 667 1467 802 1534; x_wconf 76' lang='grc' dir='ltr'><strong><em>α’τεντίιῖε</em></strong></span> <span class='ocrx_word' id='word_1_70' title='bbox 824 1473 1026 1534; x_wconf 72' lang='lat' dir='ltr'>contentam!</span> <span class='ocrx_word' id='word_1_71' title='bbox 1072 1471 1151 1534; x_wconf 88' lang='lat' dir='ltr'>Rem</span> <span class='ocrx_word' id='word_1_72' title='bbox 1174 1471 1360 1536; x_wconf 88' lang='lat' dir='ltr'>Heracliteo</span> <span class='ocrx_word' id='word_1_73' title='bbox 1388 1471 1493 1554; x_wconf 89' lang='lat' dir='ltr'>capite</span> 
     </span>
     <span class='ocr_line' id='line_1_11' title="bbox 266 1573 1493 1665; baseline 0 -23"><span class='ocrx_word' id='word_1_74' title='bbox 266 1577 420 1643; x_wconf 79' lang='lat' dir='ltr'>inlustrat</span> <span class='ocrx_word' id='word_1_75' title='bbox 443 1579 505 1658; x_wconf 89' lang='lat' dir='ltr'>IX,</span> <span class='ocrx_word' id='word_1_76' title='bbox 537 1581 573 1642; x_wconf 83' lang='lat'>7:</span> <span class='ocrx_word' id='word_1_77' title='bbox 603 1573 709 1642; x_wconf 84' lang='grc' dir='ltr'><strong><em>έύόιιει</em></strong></span> <span class='ocrx_word' id='word_1_78' title='bbox 738 1575 827 1664; x_wconf 73' lang='grc' dir='ltr'><strong><em>αὐτῷ</em></strong></span> <span class='ocrx_word' id='word_1_79' title='bbox 855 1577 1080 1652; x_wconf 74' lang='grc' dir='ltr'><strong><em>καθολικῶς</em></strong></span> <span class='ocrx_word' id='word_1_80' title='bbox 1106 1574 1179 1659; x_wconf 81' lang='grc' dir='ltr'><strong><em>μὲν</em></strong></span> <span class='ocrx_word' id='word_1_81' title='bbox 1205 1575 1301 1641; x_wconf 81' lang='grc' dir='ltr'><strong><em>τόδε·</em></strong></span> <span class='ocrx_word' id='word_1_82' title='bbox 1330 1578 1365 1642; x_wconf 84' lang='grc' dir='ltr'>έκ</span> <span class='ocrx_word' id='word_1_83' title='bbox 1392 1577 1493 1665; x_wconf 89' lang='grc' dir='ltr'><strong><em>πνρός</em></strong></span> 
     </span>
     <span class='ocr_line' id='line_1_12' title="bbox 267 1679 1494 1769; baseline 0 -20"><span class='ocrx_word' id='word_1_84' title='bbox 267 1685 307 1749; x_wconf 83' lang='grc' dir='ltr'>τό</span> <span class='ocrx_word' id='word_1_85' title='bbox 332 1685 442 1750; x_wconf 85' lang='grc' dir='ltr'><strong><em>ποίντα</em></strong></span> <span class='ocrx_word' id='word_1_86' title='bbox 456 1679 661 1764; x_wconf 34' lang='grc' dir='ltr'><strong><em>,σονεστοίναι</em></strong></span> <span class='ocrx_word' id='word_1_87' title='bbox 685 1690 738 1749; x_wconf 80' lang='grc' dir='ltr'><strong><em>καὶ</em></strong></span> <span class='ocrx_word' id='word_1_88' title='bbox 763 1686 808 1760; x_wconf 82' lang='grc' dir='ltr'><strong><em>είς</em></strong></span> <span class='ocrx_word' id='word_1_89' title='bbox 831 1685 928 1748; x_wconf 82' lang='grc' dir='ltr'><strong><em>τοῦτο</em></strong></span> <span class='ocrx_word' id='word_1_90' title='bbox 953 1680 1172 1764; x_wconf 72' lang='grc' dir='ltr'><strong><em>ἀναλύεσθαι,</em></strong></span> <span class='ocrx_word' id='word_1_91' title='bbox 1196 1683 1308 1750; x_wconf 82' lang='grc' dir='ltr'><strong><em>πάντα</em></strong></span> <span class='ocrx_word' id='word_1_92' title='bbox 1324 1710 1356 1748; x_wconf 86' lang='grc' dir='ltr'><strong><em>τε</em></strong></span> <span class='ocrx_word' id='word_1_93' title='bbox 1370 1690 1494 1769; x_wconf 74' lang='grc' dir='ltr'><strong><em>γίγνεσ-</em></strong></span> 
     </span>
     <span class='ocr_line' id='line_1_13' title="bbox 268 1788 1494 1878; baseline 0.002 -22"><span class='ocrx_word' id='word_1_94' title='bbox 268 1798 332 1856; x_wconf 76' lang='grc' dir='ltr'><strong><em>θαι</em></strong></span> <span class='ocrx_word' id='word_1_95' title='bbox 367 1795 448 1855; x_wconf 72' lang='grc' dir='ltr'><strong><em>καθ’</em></strong></span> <span class='ocrx_word' id='word_1_96' title='bbox 484 1789 689 1878; x_wconf 74' lang='grc' dir='ltr'><strong><em>εἱμαρμένην,</em></strong></span> <span class='ocrx_word' id='word_1_97' title='bbox 724 1788 779 1853; x_wconf 84' lang='grc' dir='ltr'><strong><em>καὶ</em></strong></span> <span class='ocrx_word' id='word_1_98' title='bbox 814 1788 868 1854; x_wconf 82' lang='grc' dir='ltr'><strong><em>όιοί</em></strong></span> <span class='ocrx_word' id='word_1_99' title='bbox 900 1789 957 1876; x_wconf 81' lang='grc' dir='ltr'>τῆς</span> <span class='ocrx_word' id='word_1_100' title='bbox 984 1789 1234 1877; x_wconf 82' lang='grc' dir='ltr'><strong><em>έναντιοτροπῆς</em></strong></span> <span class='ocrx_word' id='word_1_101' title='bbox 1261 1790 1427 1878; x_wconf 75' lang='grc' dir='ltr'><strong><em>ἡρμόσθαι</em></strong></span> <span class='ocrx_word' id='word_1_102' title='bbox 1455 1792 1494 1858; x_wconf 84' lang='grc' dir='ltr'>τὰ</span> 
     </span>
     <span class='ocr_line' id='line_1_14' title="bbox 267 1894 1494 1985; baseline -0.001 -22"><span class='ocrx_word' id='word_1_103' title='bbox 267 1897 362 1965; x_wconf 82' lang='grc' dir='ltr'><strong><em>ὄντα·</em></strong></span> <span class='ocrx_word' id='word_1_104' title='bbox 387 1905 441 1961; x_wconf 77' lang='grc' dir='ltr'><strong><em>καὶ</em></strong></span> <span class='ocrx_word' id='word_1_105' title='bbox 464 1897 575 1964; x_wconf 84' lang='grc' dir='ltr'><strong><em>πάντα</em></strong></span> <span class='ocrx_word' id='word_1_106' title='bbox 599 1901 718 1984; x_wconf 81' lang='grc' dir='ltr'><strong><em>ψυχῶν</em></strong></span> <span class='ocrx_word' id='word_1_107' title='bbox 741 1900 824 1962; x_wconf 79' lang='grc' dir='ltr'><strong><em>εἶναι</em></strong></span> <span class='ocrx_word' id='word_1_108' title='bbox 851 1896 905 1959; x_wconf 79' lang='grc' dir='ltr'><strong><em>καὶ</em></strong></span> <span class='ocrx_word' id='word_1_109' title='bbox 928 1894 1091 1981; x_wconf 84' lang='grc' dir='ltr'><strong><em>δαιμόνων</em></strong></span> <span class='ocrx_word' id='word_1_110' title='bbox 1113 1895 1232 1984; x_wconf 79' lang='grc' dir='ltr'><strong><em>πλήρη·</em></strong></span> <span class='ocrx_word' id='word_1_111' title='bbox 1257 1901 1358 1985; x_wconf 81' lang='grc' dir='ltr'><strong><em>εἴρηκε</em></strong></span> <span class='ocrx_word' id='word_1_112' title='bbox 1381 1898 1417 1964; x_wconf 81' lang='grc' dir='ltr'>δὲ</span> <span class='ocrx_word' id='word_1_113' title='bbox 1440 1899 1494 1963; x_wconf 78' lang='grc' dir='ltr'><strong><em>καί</em></strong></span> 
     </span>
     <span class='ocr_line' id='line_1_15' title="bbox 267 2003 1494 2093; baseline 0.001 -24"><span class='ocrx_word' id='word_1_114' title='bbox 267 2006 343 2091; x_wconf 80' lang='grc' dir='ltr'><strong><em>περὶ</em></strong></span> <span class='ocrx_word' id='word_1_115' title='bbox 369 2006 435 2070; x_wconf 89' lang='grc' dir='ltr'><strong><em>τῶν</em></strong></span> <span class='ocrx_word' id='word_1_116' title='bbox 464 2006 500 2071; x_wconf 81' lang='grc' dir='ltr'><strong><em>ἐν</em></strong></span> <span class='ocrx_word' id='word_1_117' title='bbox 529 2007 573 2093; x_wconf 75' lang='grc' dir='ltr'>τῷ</span> <span class='ocrx_word' id='word_1_118' title='bbox 604 2005 710 2092; x_wconf 79' lang='grc' dir='ltr'><strong><em>κόσμῳ</em></strong></span> <span class='ocrx_word' id='word_1_119' title='bbox 744 2007 985 2087; x_wconf 79' lang='grc' dir='ltr'><strong><em>συνισταμένων</em></strong></span> <span class='ocrx_word' id='word_1_120' title='bbox 1019 2003 1178 2090; x_wconf 76' lang='grc' dir='ltr'><strong><em>[πάντων]</em></strong></span> <span class='ocrx_word' id='word_1_121' title='bbox 1206 2007 1345 2082; x_wconf 73' lang='grc' dir='ltr'><strong><em>παθῶν,</em></strong></span> <span class='ocrx_word' id='word_1_122' title='bbox 1380 2003 1429 2069; x_wconf 85' lang='grc' dir='ltr'>ὅτι</span> <span class='ocrx_word' id='word_1_123' title='bbox 1460 2029 1494 2070; x_wconf 93' lang='grc' dir='ltr'><strong><em>τε</em></strong></span> 
     </span>
     <span class='ocr_line' id='line_1_16' title="bbox 267 2108 1007 2199; baseline -0.005 -22"><span class='ocrx_word' id='word_1_124' title='bbox 267 2113 285 2177; x_wconf 84' lang='grc' dir='ltr'><strong><em>ό</em></strong></span> <span class='ocrx_word' id='word_1_125' title='bbox 310 2111 400 2199; x_wconf 79' lang='grc' dir='ltr'><strong><em>ἥλιός</em></strong></span> <span class='ocrx_word' id='word_1_126' title='bbox 422 2113 489 2176; x_wconf 78' lang='grc' dir='ltr'><strong><em>ἐστι</em></strong></span> <span class='ocrx_word' id='word_1_127' title='bbox 513 2112 549 2177; x_wconf 86' lang='grc' dir='ltr'>τό</span> <span class='ocrx_word' id='word_1_128' title='bbox 574 2116 716 2195; x_wconf 68' lang='grc' dir='ltr'><strong><em>μέγεθος</em></strong></span> <span class='ocrx_word' id='word_1_129' title='bbox 740 2108 815 2188; x_wconf 88' lang='grc' dir='ltr'><strong><em>ὅσος</em></strong></span> <span class='ocrx_word' id='word_1_130' title='bbox 832 2115 1007 2194; x_wconf 75' lang='grc' dir='ltr'><strong><em>φαίνεται·</em></strong></span> 
     </span>
    </p>

    <p class='ocr_par' dir='ltr' id='par_1_3' title="bbox 265 2210 1495 2841">
     <span class='ocr_line' id='line_1_17' title="bbox 357 2210 1495 2308; baseline 0.002 -26"><span class='ocrx_word' id='word_1_131' title='bbox 357 2220 440 2299; x_wconf 73' lang='grc' dir='ltr'><strong><em>λέγει</em></strong></span> <span class='ocrx_word' id='word_1_132' title='bbox 453 2218 489 2283; x_wconf 80' lang='grc' dir='ltr'>δὲ</span> <span class='ocrx_word' id='word_1_133' title='bbox 504 2220 559 2282; x_wconf 87' lang='grc' dir='ltr'><strong><em>καὶ</em></strong></span> <span class='ocrx_word' id='word_1_134' title='bbox 577 2218 692 2307; x_wconf 45' lang='grc' dir='ltr'><strong><em>(ψυχῆς</em></strong></span> <span class='ocrx_word' id='word_1_135' title='bbox 708 2222 849 2305; x_wconf 77' lang='grc' dir='ltr'><strong><em>πείρατα</em></strong></span> <span class='ocrx_word' id='word_1_136' title='bbox 866 2210 925 2281; x_wconf 84' lang='grc' dir='ltr'>ονίι</span> <span class='ocrx_word' id='word_1_137' title='bbox 942 2219 987 2283; x_wconf 81' lang='grc' dir='ltr'><strong><em>ἄν</em></strong></span> <span class='ocrx_word' id='word_1_138' title='bbox 1001 2215 1124 2306; x_wconf 74' lang='grc' dir='ltr'><strong><em>ἐξεύροι</em></strong></span> <span class='ocrx_word' id='word_1_139' title='bbox 1141 2215 1158 2283; x_wconf 85' lang='grc' dir='ltr'>ὁ</span> <span class='ocrx_word' id='word_1_140' title='bbox 1174 2218 1288 2284; x_wconf 79' lang='grc' dir='ltr'><strong><em>πᾶσαν</em></strong></span> <span class='ocrx_word' id='word_1_141' title='bbox 1304 2213 1495 2308; x_wconf 76' lang='grc' dir='ltr'><strong><em>ἐπιπορευό-</em></strong></span> 
     </span>
     <span class='ocr_line' id='line_1_18' title="bbox 267 2321 1494 2413; baseline 0.002 -23"><span class='ocrx_word' id='word_1_142' title='bbox 267 2351 363 2411; x_wconf 80' lang='grc' dir='ltr'><strong><em>μενος</em></strong></span> <span class='ocrx_word' id='word_1_143' title='bbox 375 2321 470 2392; x_wconf 84' lang='grc' dir='ltr'><strong><em>όόόν·</em></strong></span> <span class='ocrx_word' id='word_1_144' title='bbox 488 2323 571 2391; x_wconf 84' lang='grc' dir='ltr'><strong><em>οὕτω</em></strong></span> <span class='ocrx_word' id='word_1_145' title='bbox 584 2326 698 2409; x_wconf 68' lang='grc' dir='ltr'><strong><em>βαθύν</em></strong></span> <span class='ocrx_word' id='word_1_146' title='bbox 713 2324 812 2404; x_wconf 80' lang='grc' dir='ltr'><strong><em>λόγον</em></strong></span> <span class='ocrx_word' id='word_1_147' title='bbox 828 2325 918 2406; x_wconf 82' lang='grc' dir='ltr'><strong><em>ἔχει’·</em></strong></span> <span class='ocrx_word' id='word_1_148' title='bbox 943 2326 1002 2411; x_wconf 82' lang='grc' dir='ltr'><strong><em>τη’ν</em></strong></span> <span class='ocrx_word' id='word_1_149' title='bbox 1018 2351 1050 2389; x_wconf 87' lang='grc' dir='ltr'><strong><em>τε</em></strong></span> <span class='ocrx_word' id='word_1_150' title='bbox 1066 2328 1170 2411; x_wconf 83' lang='grc' dir='ltr'><strong><em>οἴησιν</em></strong></span> <span class='ocrx_word' id='word_1_151' title='bbox 1186 2323 1277 2413; x_wconf 72' lang='grc' dir='ltr'><strong><em>ἱερὰν</em></strong></span> <span class='ocrx_word' id='word_1_152' title='bbox 1291 2324 1392 2392; x_wconf 85' lang='grc' dir='ltr'><strong><em>νόσον</em></strong></span> <span class='ocrx_word' id='word_1_153' title='bbox 1407 2327 1494 2410; x_wconf 76' lang='grc' dir='ltr'><strong><em>ἔλεγε</em></strong></span> 
     </span>
     <span class='ocr_line' id='line_1_19' title="bbox 266 2430 1492 2522; baseline 0.003 -25"><span class='ocrx_word' id='word_1_154' title='bbox 266 2435 321 2497; x_wconf 83' lang='grc' dir='ltr'><strong><em>καὶ</em></strong></span> <span class='ocrx_word' id='word_1_155' title='bbox 345 2433 402 2520; x_wconf 80' lang='grc' dir='ltr'><strong><em>την</em></strong></span> <span class='ocrx_word' id='word_1_156' title='bbox 425 2433 538 2518; x_wconf 83' lang='grc' dir='ltr'><strong><em>ὅρασιν</em></strong></span> <span class='ocrx_word' id='word_1_157' title='bbox 561 2430 762 2519; x_wconf 72' lang='grc' dir='ltr'><strong><em>ψεύδεσθαι·</em></strong></span> <span class='ocrx_word' id='word_1_158' title='bbox 788 2432 945 2517; x_wconf 79' lang='grc' dir='ltr'><strong><em>λαμπρῶς</em></strong></span> <span class='ocrx_word' id='word_1_159' title='bbox 967 2457 1000 2497; x_wconf 87' lang='grc' dir='ltr'><strong><em>τε</em></strong></span> <span class='ocrx_word' id='word_1_160' title='bbox 1023 2432 1125 2498; x_wconf 73' lang='grc' dir='ltr'><strong><em>ἐνίοτε</em></strong></span> <span class='ocrx_word' id='word_1_161' title='bbox 1147 2431 1183 2499; x_wconf 86' lang='grc' dir='ltr'><strong><em>έν</em></strong></span> <span class='ocrx_word' id='word_1_162' title='bbox 1206 2433 1250 2521; x_wconf 77' lang='grc' dir='ltr'>τῷ</span> <span class='ocrx_word' id='word_1_163' title='bbox 1266 2434 1492 2522; x_wconf 76' lang='grc' dir='ltr'><strong><em>συγγράμματι</em></strong></span> 
     </span>
     <span class='ocr_line' id='line_1_20' title="bbox 265 2534 1493 2626; baseline 0.003 -22"><span class='ocrx_word' id='word_1_164' title='bbox 265 2550 319 2604; x_wconf 74' lang='grc' dir='ltr'><strong><em>καὶ</em></strong></span> <span class='ocrx_word' id='word_1_165' title='bbox 342 2541 453 2623; x_wconf 78' lang='grc' dir='ltr'><strong><em>σαφῶς</em></strong></span> <span class='ocrx_word' id='word_1_166' title='bbox 476 2538 636 2622; x_wconf 79' lang='grc' dir='ltr'><strong><em>ἐκβάλλει,</em></strong></span> <span class='ocrx_word' id='word_1_167' title='bbox 662 2534 742 2604; x_wconf 86' lang='grc' dir='ltr'><strong><em>ῶστε</em></strong></span> <span class='ocrx_word' id='word_1_168' title='bbox 765 2538 819 2601; x_wconf 76' lang='grc' dir='ltr'><strong><em>καί</em></strong></span> <span class='ocrx_word' id='word_1_169' title='bbox 841 2539 900 2603; x_wconf 86' lang='grc' dir='ltr'><strong><em>τόν</em></strong></span> <span class='ocrx_word' id='word_1_170' title='bbox 917 2542 1128 2604; x_wconf 72' lang='grc' dir='ltr'><strong><em>νωθέστατον</em></strong></span> <span class='ocrx_word' id='word_1_171' title='bbox 1150 2539 1270 2626; x_wconf 83' lang='grc' dir='ltr'><strong><em>ῥᾳδίως</em></strong></span> <span class='ocrx_word' id='word_1_172' title='bbox 1292 2542 1416 2620; x_wconf 77' lang='grc' dir='ltr'><strong><em>γνῶναι</em></strong></span> <span class='ocrx_word' id='word_1_173' title='bbox 1439 2550 1493 2608; x_wconf 77' lang='grc' dir='ltr'><strong><em>καὶ</em></strong></span> 
     </span>
     <span class='ocr_line' id='line_1_21' title="bbox 267 2642 1493 2735; baseline -0.001 -22"><span class='ocrx_word' id='word_1_174' title='bbox 267 2650 391 2735; x_wconf 83' lang='grc' dir='ltr'><strong><em>δίαρμα</em></strong></span> <span class='ocrx_word' id='word_1_175' title='bbox 415 2647 520 2735; x_wconf 78' lang='grc' dir='ltr'><strong><em>ψυχῆς</em></strong></span> <span class='ocrx_word' id='word_1_176' title='bbox 547 2647 674 2729; x_wconf 80' lang='grc' dir='ltr'><strong><em>λαβεῖν·</em></strong></span> <span class='ocrx_word' id='word_1_177' title='bbox 703 2642 757 2730; x_wconf 79' lang='grc' dir='ltr'><strong><em>ἥτε</em></strong></span> <span class='ocrx_word' id='word_1_178' title='bbox 784 2645 945 2732; x_wconf 76' lang='grc' dir='ltr'><strong><em>βραχύτης</em></strong></span> <span class='ocrx_word' id='word_1_179' title='bbox 972 2643 1028 2708; x_wconf 78' lang='grc' dir='ltr'><strong><em>καὶ</em></strong></span> <span class='ocrx_word' id='word_1_180' title='bbox 1057 2644 1093 2711; x_wconf 87' lang='grc' dir='ltr'>τό</span> <span class='ocrx_word' id='word_1_181' title='bbox 1122 2643 1223 2734; x_wconf 84' lang='grc' dir='ltr'><strong><em>βοίρος</em></strong></span> <span class='ocrx_word' id='word_1_182' title='bbox 1249 2649 1302 2732; x_wconf 80' lang='grc' dir='ltr'>τῆς</span> <span class='ocrx_word' id='word_1_183' title='bbox 1326 2645 1493 2734; x_wconf 76' lang='grc' dir='ltr'><strong><em>ἑρμηνείας</em></strong></span> 
     </span>
     <span class='ocr_line' id='line_1_22' title="bbox 266 2741 871 2841; baseline -0.005 -23"><span class='ocrx_word' id='word_1_184' title='bbox 266 2753 464 2841; x_wconf 72' lang='grc' dir='ltr'><strong><em>ἀσύγκριτον.</em></strong></span> <span class='ocrx_word' id='word_1_185' title='bbox 497 2741 671 2820; x_wconf 65' lang='lat' dir='ltr'>&#39;Secuntur</span> <span class='ocrx_word' id='word_1_186' title='bbox 696 2752 871 2834; x_wconf 58' lang='lat' dir='ltr'>specialia..</span> 
     </span>
    </p>

    <p class='ocr_par' dir='ltr' id='par_1_4' title="bbox 206 2860 1495 3786">
     <span class='ocr_line' id='line_1_23' title="bbox 356 2860 1493 2944; baseline 0.002 -18"><span class='ocrx_word' id='word_1_187' title='bbox 356 2864 499 2927; x_wconf 89' lang='lat' dir='ltr'>Primum</span> <span class='ocrx_word' id='word_1_188' title='bbox 522 2862 622 2943; x_wconf 85' lang='lat' dir='ltr'>igitur</span> <span class='ocrx_word' id='word_1_189' title='bbox 645 2861 777 2943; x_wconf 90' lang='lat' dir='ltr'>physica</span> <span class='ocrx_word' id='word_1_190' title='bbox 801 2861 955 2926; x_wconf 91' lang='lat' dir='ltr'>nonnulla</span> <span class='ocrx_word' id='word_1_191' title='bbox 978 2861 1093 2926; x_wconf 89' lang='lat' dir='ltr'>deinde</span> <span class='ocrx_word' id='word_1_192' title='bbox 1117 2860 1204 2926; x_wconf 91' lang='lat' dir='ltr'>dicta</span> <span class='ocrx_word' id='word_1_193' title='bbox 1226 2863 1382 2944; x_wconf 84' lang='lat' dir='ltr'>quaedam</span> <span class='ocrx_word' id='word_1_194' title='bbox 1405 2864 1493 2928; x_wconf 89' lang='lat' dir='ltr'>deni-</span> 
     </span>
     <span class='ocr_line' id='line_1_24' title="bbox 206 2965 1495 3058; baseline 0.001 -24"><span class='ocrx_word' id='word_1_195' title='bbox 206 3048 210 3054; x_wconf 89' lang='lat'>.</span> <span class='ocrx_word' id='word_1_196' title='bbox 267 2989 328 3052; x_wconf 89' lang='lat' dir='ltr'>quc</span> <span class='ocrx_word' id='word_1_197' title='bbox 360 2970 528 3058; x_wconf 86' lang='lat' dir='ltr'>scriptoris</span> <span class='ocrx_word' id='word_1_198' title='bbox 558 2968 638 3032; x_wconf 84' lang='lat' dir='ltr'>laus</span> <span class='ocrx_word' id='word_1_199' title='bbox 688 2968 737 3030; x_wconf 83' lang='lat' dir='ltr'>‘T</span> <span class='ocrx_word' id='word_1_200' title='bbox 731 2965 843 3031; x_wconf 80' lang='lat' dir='ltr'>alzaa</span> <span class='ocrx_word' id='word_1_201' title='bbox 874 2965 1055 3054; x_wconf 74' lang='lat' dir='ltr'>diagrapha</span> <span class='ocrx_word' id='word_1_202' title='bbox 1067 2965 1250 3033; x_wconf 77' lang='lat' dir='ltr'>‚nn‘raba&#39;laa</span> <span class='ocrx_word' id='word_1_203' title='bbox 1279 2969 1440 3053; x_wconf 82' lang='lat' dir='ltr'>quaedam</span> <span class='ocrx_word' id='word_1_204' title='bbox 1463 2976 1495 3035; x_wconf 82' lang='lat' dir='ltr'>et</span> 
     </span>
     <span class='ocr_line' id='line_1_25' title="bbox 266 3073 1492 3162; baseline 0.001 -22"><span class='ocrx_word' id='word_1_205' title='bbox 266 3075 421 3162; x_wconf 64' lang='lat' dir='ltr'>magma</span> <span class='ocrx_word' id='word_1_206' title='bbox 445 3079 631 3161; x_wconf 74' lang='lat' dir='ltr'>aucupante</span> <span class='ocrx_word' id='word_1_207' title='bbox 648 3073 821 3160; x_wconf 73' lang='lat' dir='ltr'>proficisci</span> <span class='ocrx_word' id='word_1_208' title='bbox 838 3074 962 3138; x_wconf 82' lang='lat' dir='ltr'>salant’.</span> <span class='ocrx_word' id='word_1_209' title='bbox 1010 3074 1108 3139; x_wconf 87' lang='lat' dir='ltr'>Vides</span> <span class='ocrx_word' id='word_1_210' title='bbox 1136 3078 1173 3138; x_wconf 85' lang='lat' dir='ltr'>ut</span> <span class='ocrx_word' id='word_1_211' title='bbox 1202 3076 1362 3156; x_wconf 79' lang='lat' dir='ltr'>sagaciter</span> <span class='ocrx_word' id='word_1_212' title='bbox 1384 3075 1492 3141; x_wconf 88' lang='lat' dir='ltr'>Diele-</span> 
     </span>
     <span class='ocr_line' id='line_1_26' title="bbox 267 3182 1491 3266; baseline -0.001 -18"><span class='ocrx_word' id='word_1_213' title='bbox 267 3185 332 3248; x_wconf 87' lang='lat' dir='ltr'>sius</span> <span class='ocrx_word' id='word_1_214' title='bbox 372 3184 564 3250; x_wconf 86' lang='lat' dir='ltr'>divinaverit</span> <span class='ocrx_word' id='word_1_215' title='bbox 599 3183 787 3264; x_wconf 82' lang='lat' dir='ltr'>omnigenae</span> <span class='ocrx_word' id='word_1_216' title='bbox 818 3182 974 3248; x_wconf 90' lang='lat' dir='ltr'>historiae</span> <span class='ocrx_word' id='word_1_217' title='bbox 1010 3182 1214 3264; x_wconf 80' lang='lat' dir='ltr'>scriptorem,</span> <span class='ocrx_word' id='word_1_218' title='bbox 1254 3184 1348 3248; x_wconf 93' lang='lat' dir='ltr'>modo</span> <span class='ocrx_word' id='word_1_219' title='bbox 1383 3184 1491 3266; x_wconf 87' lang='lat' dir='ltr'>negle-</span> 
     </span>
     <span class='ocr_line' id='line_1_27' title="bbox 267 3288 1491 3374; baseline 0.002 -19"><span class='ocrx_word' id='word_1_220' title='bbox 267 3291 407 3372; x_wconf 82' lang='lat' dir='ltr'>gentiam</span> <span class='ocrx_word' id='word_1_221' title='bbox 442 3309 483 3354; x_wconf 91' lang='lat' dir='ltr'>ne</span> <span class='ocrx_word' id='word_1_222' title='bbox 518 3289 697 3372; x_wconf 84' lang='lat' dir='ltr'>biographo</span> <span class='ocrx_word' id='word_1_223' title='bbox 728 3288 780 3373; x_wconf 86' lang='lat' dir='ltr'>[cf.</span> <span class='ocrx_word' id='word_1_224' title='bbox 805 3309 836 3371; x_wconf 90' lang='lat' dir='ltr'>p.</span> <span class='ocrx_word' id='word_1_225' title='bbox 864 3289 940 3374; x_wconf 83' lang='lat'>165]</span> <span class='ocrx_word' id='word_1_226' title='bbox 977 3290 1034 3354; x_wconf 89' lang='lat' dir='ltr'>sed</span> <span class='ocrx_word' id='word_1_227' title='bbox 1064 3290 1195 3355; x_wconf 90' lang='lat' dir='ltr'>Laertio</span> <span class='ocrx_word' id='word_1_228' title='bbox 1231 3292 1491 3373; x_wconf 86' lang='lat' dir='ltr'>exprobravisset</span> 
     </span>
     <span class='ocr_line' id='line_1_28' title="bbox 265 3396 1489 3480; baseline 0.002 -18"><span class='ocrx_word' id='word_1_229' title='bbox 265 3399 486 3480; x_wconf 88' lang='lat' dir='ltr'>imprudenter</span> <span class='ocrx_word' id='word_1_230' title='bbox 513 3398 674 3462; x_wconf 87' lang='lat' dir='ltr'>brevianti</span> <span class='ocrx_word' id='word_1_231' title='bbox 700 3396 936 3478; x_wconf 90' lang='lat' dir='ltr'>mutilantique.</span> <span class='ocrx_word' id='word_1_232' title='bbox 966 3431 1009 3443; x_wconf 89' lang='lat'>—</span> <span class='ocrx_word' id='word_1_233' title='bbox 1039 3397 1152 3479; x_wconf 87' lang='lat' dir='ltr'>Pergit</span> <span class='ocrx_word' id='word_1_234' title='bbox 1180 3398 1330 3469; x_wconf 83' lang='lat' dir='ltr'>Laertius</span> <span class='ocrx_word' id='word_1_235' title='bbox 1362 3399 1489 3465; x_wconf 92' lang='lat' dir='ltr'>aliunde</span> 
     </span>
     <span class='ocr_line' id='line_1_29' title="bbox 266 3504 1490 3588; baseline 0.001 -18"><span class='ocrx_word' id='word_1_236' title='bbox 266 3505 420 3587; x_wconf 87' lang='lat' dir='ltr'>specialia</span> <span class='ocrx_word' id='word_1_237' title='bbox 435 3506 571 3570; x_wconf 86' lang='lat' dir='ltr'>adsuere</span> <span class='ocrx_word' id='word_1_238' title='bbox 595 3506 749 3587; x_wconf 80' lang='lat'>§8-11.</span> <span class='ocrx_word' id='word_1_239' title='bbox 790 3504 953 3586; x_wconf 88' lang='lat' dir='ltr'>Originem</span> <span class='ocrx_word' id='word_1_240' title='bbox 975 3504 1103 3570; x_wconf 89' lang='lat' dir='ltr'>illorum</span> <span class='ocrx_word' id='word_1_241' title='bbox 1127 3510 1163 3570; x_wconf 92' lang='lat' dir='ltr'>ut</span> <span class='ocrx_word' id='word_1_242' title='bbox 1187 3525 1345 3588; x_wconf 87' lang='lat' dir='ltr'>eruamus,</span> <span class='ocrx_word' id='word_1_243' title='bbox 1370 3507 1490 3572; x_wconf 92' lang='lat' dir='ltr'>nullam</span> 
     </span>
     <span class='ocr_line' id='line_1_30' title="bbox 267 3610 1490 3696; baseline 0.001 -18"><span class='ocrx_word' id='word_1_244' title='bbox 267 3633 326 3696; x_wconf 89' lang='lat' dir='ltr'>ego</span> <span class='ocrx_word' id='word_1_245' title='bbox 353 3613 445 3678; x_wconf 87' lang='lat' dir='ltr'>video</span> <span class='ocrx_word' id='word_1_246' title='bbox 481 3613 565 3677; x_wconf 87' lang='lat' dir='ltr'>viam</span> <span class='ocrx_word' id='word_1_247' title='bbox 599 3612 745 3676; x_wconf 88' lang='lat' dir='ltr'>relictam</span> <span class='ocrx_word' id='word_1_248' title='bbox 779 3610 842 3676; x_wconf 88' lang='lat' dir='ltr'>nisi</span> <span class='ocrx_word' id='word_1_249' title='bbox 877 3630 897 3674; x_wconf 93' lang='lat' dir='ltr'>a</span> <span class='ocrx_word' id='word_1_250' title='bbox 931 3615 1110 3676; x_wconf 91' lang='lat' dir='ltr'>ceterorum</span> <span class='ocrx_word' id='word_1_251' title='bbox 1144 3612 1336 3694; x_wconf 92' lang='lat' dir='ltr'>placitorum</span> <span class='ocrx_word' id='word_1_252' title='bbox 1371 3614 1490 3696; x_wconf 90' lang='lat' dir='ltr'>duplici</span> 
     </span>
     <span class='ocr_line' id='line_1_31' title="bbox 265 3720 581 3786; baseline -0.009 0"><span class='ocrx_word' id='word_1_253' title='bbox 265 3722 420 3786; x_wconf 92' lang='lat' dir='ltr'>memoria</span> <span class='ocrx_word' id='word_1_254' title='bbox 444 3720 581 3784; x_wconf 84' lang='lat' dir='ltr'>exeunti.</span> 
     </span>
    </p>

    <p class='ocr_par' dir='ltr' id='par_1_5' title="bbox 205 3824 1489 4013">
     <span class='ocr_line' id='line_1_32' title="bbox 356 3824 1489 3910; baseline -0.002 -16"><span class='ocrx_word' id='word_1_255' title='bbox 356 3848 384 3893; x_wconf 91' lang='lat' dir='ltr'>a.</span> <span class='ocrx_word' id='word_1_256' title='bbox 411 3826 617 3910; x_wconf 86' lang='lat' dir='ltr'>Specialia</span> <span class='ocrx_word' id='word_1_257' title='bbox 645 3826 729 3890; x_wconf 90' lang='lat' dir='ltr'>enim</span> <span class='ocrx_word' id='word_1_258' title='bbox 754 3824 933 3900; x_wconf 85' lang='lat' dir='ltr'>Stoicorum</span> <span class='ocrx_word' id='word_1_259' title='bbox 963 3829 1039 3890; x_wconf 92' lang='lat' dir='ltr'>sunt</span> <span class='ocrx_word' id='word_1_260' title='bbox 1060 3825 1208 3907; x_wconf 91' lang='lat' dir='ltr'>Dioclea,</span> <span class='ocrx_word' id='word_1_261' title='bbox 1239 3826 1396 3892; x_wconf 90' lang='lat' dir='ltr'>Heracliti</span> <span class='ocrx_word' id='word_1_262' title='bbox 1426 3846 1489 3909; x_wconf 88' lang='lat' dir='ltr'>ge·</span> 
     </span>
     <span class='ocr_line' id='line_1_33' title="bbox 205 3933 1488 4013; baseline -0.002 -11"><span class='ocrx_word' id='word_1_263' title='bbox 205 3965 207 3970; x_wconf 51' lang='lat'><strong><em>¹</em></strong></span> <span class='ocrx_word' id='word_1_264' title='bbox 265 3936 420 4002; x_wconf 86' lang='lat' dir='ltr'>neralia</span> <span class='ocrx_word' id='word_1_265' title='bbox 453 3935 650 4001; x_wconf 90' lang='lat' dir='ltr'>reddidimus</span> <span class='ocrx_word' id='word_1_266' title='bbox 678 3933 820 3998; x_wconf 86' lang='lat' dir='ltr'>Dielesio</span> <span class='ocrx_word' id='word_1_267' title='bbox 852 3951 984 4000; x_wconf 86' lang='lat' dir='ltr'>suasore</span> <span class='ocrx_word' id='word_1_268' title='bbox 1013 3933 1181 3999; x_wconf 86' lang='lat' dir='ltr'>Favorino.</span> <span class='ocrx_word' id='word_1_269' title='bbox 1235 3935 1355 4013; x_wconf 82' lang='lat' dir='ltr'>Quodsi</span> <span class='ocrx_word' id='word_1_270' title='bbox 1390 3935 1488 4001; x_wconf 85' lang='lat' dir='ltr'>semel</span> 
     </span>
    </p>
   </div>
   <div class='ocr_carea' id='block_1_3' title="bbox 265 4200 1488 4452">
    <p class='ocr_par' dir='ltr' id='par_1_6' title="bbox 265 4200 1488 4452">
     <span class='ocr_line' id='line_1_34' title="bbox 265 4200 1487 4275; baseline 0.001 -16"><span class='ocrx_word' id='word_1_271' title='bbox 265 4205 440 4275; x_wconf 87' lang='lat' dir='ltr'>interponere</span> <span class='ocrx_word' id='word_1_272' title='bbox 458 4201 597 4270; x_wconf 91' lang='lat' dir='ltr'>iudicium,</span> <span class='ocrx_word' id='word_1_273' title='bbox 617 4200 670 4256; x_wconf 89' lang='lat' dir='ltr'>etsi</span> <span class='ocrx_word' id='word_1_274' title='bbox 688 4200 716 4255; x_wconf 91' lang='lat' dir='ltr'>in</span> <span class='ocrx_word' id='word_1_275' title='bbox 734 4201 825 4257; x_wconf 90' lang='lat' dir='ltr'>fronte</span> <span class='ocrx_word' id='word_1_276' title='bbox 843 4201 955 4272; x_wconf 85' lang='lat' dir='ltr'>originis</span> <span class='ocrx_word' id='word_1_277' title='bbox 974 4205 1068 4256; x_wconf 86' lang='lat' dir='ltr'>extare</span> <span class='ocrx_word' id='word_1_278' title='bbox 1088 4200 1197 4256; x_wconf 87' lang='lat' dir='ltr'>videtur</span> <span class='ocrx_word' id='word_1_279' title='bbox 1216 4200 1347 4256; x_wconf 91' lang='lat' dir='ltr'>indicium</span> <span class='ocrx_word' id='word_1_280' title='bbox 1366 4202 1381 4273; x_wconf 84' lang='lat'>§</span> <span class='ocrx_word' id='word_1_281' title='bbox 1398 4204 1440 4258; x_wconf 77' lang='lat'>24.</span> <span class='ocrx_word' id='word_1_282' title='bbox 1453 4206 1487 4260; x_wconf 84' lang='lat'>36</span> 
     </span>
     <span class='ocr_line' id='line_1_35' title="bbox 266 4290 1488 4365; baseline -0.001 -16"><span class='ocrx_word' id='word_1_283' title='bbox 266 4297 330 4365; x_wconf 76' lang='grc' dir='ltr'><strong><em>μησὶ</em></strong></span> <span class='ocrx_word' id='word_1_284' title='bbox 349 4293 375 4347; x_wconf 57' lang='grc' dir='ltr'>δ’</span> <span class='ocrx_word' id='word_1_285' title='bbox 393 4290 590 4362; x_wconf 76' lang='grc' dir='ltr'><strong><em>ἶν’Λλίξανύρος</em></strong></span> <span class='ocrx_word' id='word_1_286' title='bbox 609 4296 637 4345; x_wconf 74' lang='grc' dir='ltr'><strong><em>ἐν</em></strong></span> <span class='ocrx_word' id='word_1_287' title='bbox 655 4297 712 4353; x_wconf 78' lang='grc' dir='ltr'><strong><em>ταῖς</em></strong></span> <span class='ocrx_word' id='word_1_288' title='bbox 731 4292 887 4362; x_wconf 80' lang='grc' dir='ltr'><strong><em>ηιλοσόηων</em></strong></span> <span class='ocrx_word' id='word_1_289' title='bbox 905 4293 1056 4364; x_wconf 72' lang='grc' dir='ltr'><strong><em>ύιαύοχαῖςι</em></strong></span> <span class='ocrx_word' id='word_1_290' title='bbox 1075 4290 1258 4361; x_wconf 78' lang='lat' dir='ltr'>Polyhistoris</span> <span class='ocrx_word' id='word_1_291' title='bbox 1275 4291 1346 4345; x_wconf 83' lang='lat' dir='ltr'>enim</span> <span class='ocrx_word' id='word_1_292' title='bbox 1357 4293 1488 4348; x_wconf 77' lang='lat' dir='ltr'>memoria</span> 
     </span>
     <span class='ocr_line' id='line_1_36' title="bbox 266 4378 1450 4452; baseline -0.003 -14"><span class='ocrx_word' id='word_1_293' title='bbox 266 4382 436 4452; x_wconf 86' lang='lat' dir='ltr'>saepiuscule</span> <span class='ocrx_word' id='word_1_294' title='bbox 454 4381 582 4450; x_wconf 81' lang='lat' dir='ltr'>provenit</span> <span class='ocrx_word' id='word_1_295' title='bbox 600 4396 634 4436; x_wconf 82' lang='lat' dir='ltr'>ex</span> <span class='ocrx_word' id='word_1_296' title='bbox 653 4380 794 4450; x_wconf 85' lang='lat' dir='ltr'>omnigena</span> <span class='ocrx_word' id='word_1_297' title='bbox 812 4379 930 4436; x_wconf 89' lang='lat' dir='ltr'>historia</span> <span class='ocrx_word' id='word_1_298' title='bbox 948 4378 994 4452; x_wconf 85' lang='lat' dir='ltr'>[cf.</span> <span class='ocrx_word' id='word_1_299' title='bbox 1013 4397 1040 4450; x_wconf 89' lang='lat' dir='ltr'>p.</span> <span class='ocrx_word' id='word_1_300' title='bbox 1060 4383 1112 4452; x_wconf 84' lang='grc'>65].</span> <span class='ocrx_word' id='word_1_301' title='bbox 1153 4381 1209 4437; x_wconf 87' lang='lat' dir='ltr'>Res</span> <span class='ocrx_word' id='word_1_302' title='bbox 1228 4385 1319 4436; x_wconf 85' lang='lat' dir='ltr'>tamon</span> <span class='ocrx_word' id='word_1_303' title='bbox 1338 4381 1450 4438; x_wconf 86' lang='lat' dir='ltr'>incerta.</span> 
     </span>
    </p>
   </div>
   <div class='ocr_carea' id='block_1_4' title="bbox 0 0 1758 5272">
    <p class='ocr_par' dir='ltr' id='par_1_7' title="bbox 0 0 1758 5272">
     <span class='ocr_line' id='line_1_37' title="bbox 0 0 1758 5272; baseline 0 0"><span class='ocrx_word' id='word_1_304' title='bbox 0 0 1758 5272; x_wconf 95' lang='lat' dir='ltr'> </span> 
     </span>
    </p>
   </div>
  </div>
 </body>
</html>
