3506 5272
305 439 347 500 94

302 632 361 694 per
376 612 567 678 Favorinum
582 612 766 695 pervenisse
783 614 880 679 etiam
895 614 1123 700 Hieronymum
1146 615 1179 680 in
1194 615 1400 681 Laertianam
1420 615 1523 681 farra-

303 721 424 801 ginem;
450 725 620 802 praeterea
643 721 807 786 inventum
830 722 990 802 quoddam
1013 723 1434 804 astrologicam-quonlam
1456 743 1523 788 ma-

302 825 420 891 nifesto
433 823 486 910 ¹⁰⁷)
511 847 549 892 ex
574 829 920 909 apomnemonenmatis
943 829 1093 894 Favorini
1115 828 1216 894 fluxit.

392 934 441 998 De
464 935 597 1016 reliquis
621 935 648 998 si
672 935 910 1017 praeplacucrit
936 936 1080 1017 haerere,
1104 956 1168 1002 non
1192 936 1365 1002 intercedo.

559 1203 590 1268 4.
625 1204 666 1270 lle
691 1204 821 1269 Favorini
844 1204 991 1286 dogmatis
1016 1205 1263 1287 philosophorum.

305 1444 308 1449 Ι
393 1364 430 1428 In
454 1369 641 1429 transcursu
672 1383 742 1429 earn
771 1365 928 1446 attingam
956 1365 1176 1446 quaestIonem
1204 1382 1286 1446 quae
1310 1369 1360 1429 est
1383 1364 1422 1428 de
1446 1364 1523 1446 dog-

303 1477 424 1536 matum
452 1471 715 1553 philosophorum
738 1471 982 1536 Laertianorum
1013 1472 1145 1553 origine.
1192 1470 1375 1536 Nietzschci
1403 1472 1524 1553 opinio·

303 1598 377 1644 nem
411 1579 458 1642 ita
485 1597 583 1659 snpra
619 1578 869 1658 emendavimus,
900 1582 937 1641 ut
965 1577 1065 1642 solam
1094 1583 1277 1642 accuratam
1311 1576 1393 1641 καιοὶ
1429 1581 1524 1663 μέρος

304 1685 521 1749 recensionem
550 1685 742 1766 placitorum
771 1684 949 1749 Stoloorum
977 1684 1082 1749 Diocli
1111 1685 1326 1752 redderemus,
1374 1685 1456 1764 Quid
1483 1685 1523 1749 de

303 1792 503 1857 brevioribus
520 1790 756 1876 κεφαλαιωδῶς
770 1792 1025 1857 commemoratis
1038 1792 1243 1857 statuendum
1256 1793 1299 1858 sit
1314 1793 1521 1874 disceptatur.

394 1899 530 1965 Solitum
558 1898 703 1980 quamvis
731 1917 794 1962 non
823 1904 1022 1964 constantem
1049 1919 1170 1965 morem
1195 1900 1343 1965 Laertius
1368 1901 1522 1982 sequitur,

304 2013 340 2072 ut
364 2007 595 2088 bipartitam
619 2006 820 2070 decretorum
845 2006 994 2070 exhibeat
1017 2007 1186 2088 epilogum,
1211 2007 1245 2072 id
1268 2008 1353 2090 quod
1375 2008 1445 2089 ipse
1469 2007 1523 2072 ad·

304 2113 411 2179 firmat
423 2114 484 2178 VH
496 2114 547 2178 38.
574 2113 673 2190 Quem
687 2131 726 2177 cx
737 2118 902 2178 auctorum
915 2113 1103 2179 diversitate
1120 2113 1339 2194 explicandum
1357 2133 1428 2179 esse
1443 2114 1524 2180 vidit

304 2221 503 2286 Bahnschius
528 2217 572 2306 [p.
598 2221 640 2284 43
665 2217 738 2306 sq.],
762 2221 912 2302 probavit
934 2221 1094 2286 Dielesius
1124 2218 1336 2307 [doxographi
1359 2223 1466 2304 gracoi
1488 2241 1520 2303 p.

307 2329 368 2393 163
398 2325 492 2414 sqq.].
539 2326 699 2392 Dielesius
729 2328 864 2392 alteram
893 2347 931 2392 ex
959 2328 1083 2392 diutino
1112 2327 1234 2394 Laertii
1263 2329 1369 2394 studio
1398 2328 1523 2394 addidit

307 2432 561 2500 observationem
590 2434 677 2498 illam
711 2434 979 2516 compendiariam
1007 2435 1184 2500 doctrinam
1214 2435 1308 2500 simnl
1343 2455 1413 2501 cum
1447 2436 1522 2501 vitis

306 2544 465 2608 iuvenisse
503 2541 675 2606 Laertium.
732 2542 904 2607 Videamus
943 2547 1100 2624 quatenus
1138 2548 1250 2608 nostra
1290 2543 1436 2625 quaestio
1474 2542 1522 2606 illi

306 2649 420 2715 faveat.

396 2777 422 2822 a.
450 2758 494 2821 Ac
516 2757 653 2838 primum
669 2757 796 2839 quidem
821 2757 1052 2822 ostendendum
1075 2761 1125 2820 est
1140 2774 1254 2838 reapse
1277 2755 1376 2822 fuisse
1399 2757 1432 2821 in
1455 2757 1522 2822 bio-

307 2865 429 2947 grapho
464 2864 636 2929 Laertiano
672 2865 809 2929 decreta.
863 2864 1037 2930 Ostendam
1073 2865 1111 2928 de
1146 2864 1431 2947 Pythagoricis.
1478 2865 1522 2930 Ut

306 2973 508 3054 Pythagorae
537 2972 688 3054 dogmata
716 2990 774 3052 per
797 2975 899 3036 totam
927 2971 1013 3036 vitae
1042 2963 1287 3053 descriptionem
1316 2972 1522 3054 neglegenter

307 3080 471 3161 dispersae
495 3080 569 3159 siut,
593 3079 694 3161 ipsius
718 3079 840 3143 Laertii
864 3082 914 3143 est
937 3079 1130 3160 iustitutum,
1154 3080 1272 3160 quippe
1289 3080 1343 3161 qui
1367 3079 1522 3160 originem

308 3187 472 3251 doctrinae
496 3205 572 3252 snae
597 3186 721 3250 celandi
745 3204 841 3250 causa
864 3186 897 3249 in
920 3186 996 3250 vitis
1019 3186 1104 3250 idem
1131 3185 1245 3250 fecisse
1273 3186 1408 3252 aliorum
1440 3205 1522 3252 com-

307 3295 475 3375 paratione
506 3332 544 3338 —
574 3292 744 3374 Porphyrii
776 3292 968 3374 praesertim
997 3329 1042 3340 —
1069 3298 1233 3374 arguatur.
1291 3293 1406 3358 Utrum
1441 3293 1521 3357 κατὰ

307 3404 404 3485 μέρος
432 3379 471 3465 an
501 3398 732 3484 κεφαλαιωδῶς
753 3398 967 3481 Pythagorica
995 3400 1192 3464 recensuerit
1219 3400 1339 3481 placita
1367 3401 1436 3482 ipse
1463 3419 1542 3466 nec-

308 3509 389 3573 dixit
411 3527 470 3572 nec
499 3509 579 3572 scire
610 3506 740 3571 attinet:
771 3507 851 3571 satis
875 3511 925 3570 est
948 3506 1032 3588 quod
1055 3525 1138 3571 nunc
1160 3526 1304 3588 propono
1330 3508 1522 3589 ‘dogmata

307 3617 379 3682 illa
402 3616 448 3680 ad
471 3613 677 3697 biographi
700 3613 735 3680 L.
761 3613 980 3678 memoriam
1004 3633 1087 3678 esse
1110 3615 1347 3682 revocanda’.

374 3723 523 3788 Laertius
545 3722 625 3787 haec
648 3723 788 3786 breviter
812 3720 982 3801 adscripsit
1005 3720 1148 3802 symbola
1170 3722 1256 3802 VIII,
1284 3724 1322 3785 17
1347 3740 1431 3804 sqq.:

379 3925 623 3996 1⁰⁷Jcnnaertlx
635 3925 829 3995 [Parmenides]
840 3927 886 3980 23:
1045 3925 1137 3980 Laert.
1156 3923 1224 3979 VIII
1242 3923 1346 3994 [Pyra]
1368 3927 1412 3980 14:

308 4020 353 4070 καὶ
372 4020 444 4072 δοκεῖ
462 4019 563 4088 πρῶτος
577 4020 765 4086 πεφωρακέναι
778 4015 823 4068 τὸν
840 4014 886 4067 αὑ·
940 4011 1043 4083 πρῶτον
1072 4013 1100 4067 θ’
1123 4011 1255 4085 Ἕσπερον
1289 4016 1335 4067 καὶ
1371 4011 1523 4084 Φωσφόρον

307 4107 350 4160 τὸν
375 4109 444 4160 εἶναι
454 4102 587 4175 Ἕσπερον
608 4106 655 4157 καὶ
673 4103 834 4174 Φωσφόρον,
854 4100 888 4163 ὥς
940 4101 984 4155 τὸν
1007 4101 1086 4156 αὐτὸν
1109 4108 1201 4168 εἰπεῖν,
1228 4105 1254 4157 ol
1276 4105 1306 4158 δέ
1329 4121 1395 4173 μασι
1412 4111 1520 4174 Παρμε-

309 4213 373 4264 φησι
391 4200 588 4265 Φαβωρῖνος
613 4197 647 4246 ἐν
669 4197 803 4264 πέμπτῳ
827 4193 889 4244 τῶν
941 4193 1026 4256 αιδην.

309 4281 679 4353 ἀπομνημονευμάτων·
699 4285 724 4334 oi
742 4283 772 4335 de*
794 4285 888 4335 Ποθα-

308 4391 399 4442 γοραν.
