3506 5272
454 1479 512 1578 V.
543 1532 568 1577 a.
593 1477 759 1578 W.·M.
794 1480 1094 1581 ERNESTO
1129 1482 1415 1584 Mnnsslb

919 1678 950 1747 s.

328 1910 447 1996 Sentio
471 1928 675 1996 audaciorem
698 1947 749 1994 me
772 1927 881 2013 fuisse,
906 1931 1007 1997 amice
1024 1916 1154 2015 Maassi‚
1180 1951 1250 2000 cum
1267 1939 1373 2002 tecum
1393 1939 1545 2004 constitui
1587 1962 1591 1972 ·

326 2042 363 2104 ut
386 2055 602 2120 quaecumque
624 2038 737 2103 minus
753 2037 864 2105 dextre
885 2040 963 2105 mihi
984 2041 1139 2106 videreris
1155 2043 1397 2110 administrasse
1411 2065 1470 2128 per
1491 2046 1545 2112 lit-

325 2150 413 2210 teras
429 2144 585 2210 Favorino
601 2149 656 2211 tuo
674 2145 875 2212 subiciendas
890 2146 1021 2214 uberius
1038 2153 1135 2231 atque
1150 2151 1318 2217 rotundius
1334 2152 1544 2219 edissererem

327 2270 422 2334 quam
445 2251 705 2319 adnotationibus
729 2253 864 2336 carptim
887 2253 972 2320 infra
994 2255 1171 2338 marginem
1191 2258 1309 2324 additis
1329 2257 1400 2324 fieri
1422 2265 1541 2343 posset.

328 2359 362 2424 in
386 2359 454 2425 dies
478 2359 562 2425 enim
578 2360 681 2442 magis
705 2359 745 2425 ab
767 2379 806 2426 ea
829 2362 990 2427 sententia
1013 2361 1128 2429 deflexi
1143 2383 1237 2447 quam
1252 2366 1332 2431 mihi
1354 2367 1418 2432 iam
1441 2386 1542 2450 paene

325 2485 542 2550 persuaseras.
594 2466 828 2534 cavillabuntur
850 2469 978 2551 quidem
1000 2470 1149 2538 malevoli
1172 2473 1333 2555 invidique
1357 2474 1444 2540 intra
1466 2494 1543 2540 eun·

326 2575 398 2641 dem
425 2574 542 2640 librum
566 2563 784 2641 diversissima
814 2575 987 2644 adfirmari.
1039 2598 1231 2662 quamquam
1261 2581 1342 2646 istos
1370 2601 1433 2648 non
1457 2602 1542 2664 curo,

325 2683 380 2765 qui
401 2702 443 2748 ne
466 2683 499 2749 id
515 2683 643 2766 quidem
658 2685 881 2766 pertimescam
904 2705 945 2751 ne
969 2691 1004 2753 tu
1027 2705 1123 2770 aegre
1146 2688 1271 2753 laturus
1295 2688 1339 2754 sis
1363 2689 1448 2771 quod
1468 2707 1488 2754 a
1510 2694 1543 2754 tc

325 2790 490 2872 dissentio,
515 2795 627 2856 contra
650 2796 683 2858 te
699 2811 818 2874 pugno,
844 2794 1006 2860 erroribus
1028 2795 1094 2861 tuis
1118 2815 1214 2878 quam
1236 2814 1366 2877 possum
1390 2797 1543 2863 acerrime

324 2897 419 2963 insto.
467 2897 522 2979 qui
544 2917 648 2980 neque
670 2898 839 2966 Platonem
861 2899 981 2967 habent
1004 2902 1139 2968 amicum
1154 2921 1257 2985 neque
1272 2903 1442 2968 veritatem
1466 2905 1543 2970 ami·

325 3004 443 3070 ciorcm
465 3004 586 3071 κολοιοὶ
608 3007 683 3071 ποτὶ
704 3008 848 3084 κολοιούς
865 3010 1032 3076 considant
1047 3011 1166 3077 mutuis
1180 3010 1330 3077 laudibus
1347 3030 1543 3078 communem

325 3108 492 3179 οὐδένειαν
516 3119 713 3182 excusantes.
760 3136 819 3182 nos
848 3116 983 3184 invicem
1013 3137 1162 3185 censores
1194 3118 1292 3184 simus
1320 3120 1414 3202 aequi
1441 3125 1474 3185 et
1496 3121 1542 3185 in=

327 3222 479 3304 corrupti,
503 3221 537 3288 in
560 3223 780 3306 vituperandis
797 3224 890 3289 amici
915 3225 1076 3292 erroribus
1093 3243 1193 3306 acres,
1217 3227 1307 3308 parci
1323 3225 1357 3292 in
1372 3227 1540 3294 laudando.

324 3329 371 3395 ita
394 3334 428 3394 te
450 3329 609 3397 iacturum
632 3330 732 3398 fuisse
756 3329 889 3412 confido,
914 3332 961 3397 ita
982 3332 1053 3415 ipse
1076 3333 1147 3415 feei,
1171 3352 1274 3416 neque
1297 3333 1404 3401 hercle
1419 3335 1480 3402 hac
1502 3337 1542 3402 de

325 3455 421 3502 causa
448 3438 583 3504 haesito.
630 3458 741 3505 verum
773 3440 856 3505 enirn
884 3458 959 3507 vero
988 3441 1149 3508 sententia
1178 3460 1216 3507 ea
1244 3460 1339 3523 quam
1364 3462 1422 3525 ego
1446 3448 1541 3509 teneo

323 3543 450 3627 flagitat
481 3552 519 3612 ut
540 3547 693 3634 Diogenis
722 3548 756 3613 in
784 3548 973 3630 conpilando
1002 3550 1101 3631 ratio,
1131 3550 1163 3615 in
1187 3551 1390 3616 conectendis
1414 3570 1542 3635 excerp·

323 3653 367 3718 tis
390 3671 458 3736 ars,
491 3654 524 3719 in
548 3655 681 3721 dicendo
705 3656 900 3722 consuetudo
929 3654 1173 3738 diligentissime
1196 3661 1426 3741 pertractetur,
1457 3660 1541 3726 unde

323 3760 453 3827 tandem
484 3763 525 3828 ad
552 3765 751 3846 quaerendos
786 3764 895 3847 potius
925 3782 1020 3846 quam
1048 3764 1255 3840 inveniendos
1289 3765 1395 3833 fontes
1430 3767 1541 3833 adsur-

324 3873 428 3950 gatur.
476 3871 561 3952 quod
591 3890 694 3955 neque
722 3872 872 3954 praestiti
899 3889 1003 3954 neque
1031 3876 1199 3954 praestare
1227 3874 1333 3956 potui,
1370 3893 1440 3940 cum
1468 3874 1541 3940 aliis

323 3975 433 4043 multis
456 3977 496 4043 de
520 3980 624 4046 causis
648 3980 724 4064 (scis
745 3981 829 4047 enim
852 3999 948 4064 quam
964 3981 1098 4046 diversis
1113 3981 1253 4063 negotiis
1270 3981 1449 4063 distinear)‚
1487 4001 1541 4048 um

324 4083 400 4169 quia
423 4087 550 4153 omnino
579 4088 730 4170 scriptori
757 4106 870 4155 manus
899 4088 1068 4154 admovere
1091 4087 1280 4171 reformido,
1305 4090 1394 4155 cuius
1417 4090 1468 4155 vel
1489 4110 1540 4156 re-

325 4194 474 4261 censendi
498 4195 640 4262 subsidia
669 4216 708 4262 ex
735 4195 944 4263 abditissimis
973 4195 1099 4278 angulis
1129 4197 1239 4279 utique
1269 4215 1382 4262 manca
1411 4199 1540 4280 conqui-

323 4301 424 4367 renda
447 4307 531 4388 sunt,
554 4303 618 4370 nisi
638 4303 738 4386 (quod
752 4323 810 4371 nos
826 4304 920 4370 inviti
934 4303 1079 4389 fecimus)
1103 4304 1317 4387 spurcissimis
1333 4305 1540 4387 adquiescere

323 4410 468 4476 volumus
503 4411 746 4493 exemplaribus.
792 4414 912 4497 pudeat
946 4411 1127 4496 philologos
1161 4413 1246 4495 quod
1279 4414 1420 4480 nondum
1451 4418 1540 4481 extat
