3506 5272
646 1335 1042 1433 EPIMETRA.

516 1588 543 1642 1.
574 1586 616 1640 llo
634 1581 780 1639 Favorini
798 1580 939 1637 oratioue
960 1579 1168 1639 Corinthiaco.

322 1728 453 1813 Integra
482 1729 632 1796 Favorini
660 1727 780 1810 ingenii
808 1725 897 1791 nulla
920 1729 1030 1790 extare
1058 1730 1213 1807 putantur
1236 1734 1449 1794 monumenta.

232 1842 344 1906 Fidem
368 1839 450 1905 enim
473 1838 528 1920 qui
551 1834 818 1913 commentatione
841 1833 978 1915 quadam
1000 1832 1168 1915 praeclara
1183 1836 1295 1902 Diouis
1317 1834 1452 1917 Chryso-

232 1948 327 2014 stomi
350 1965 432 2029 quae
448 1945 551 2010 fertur
567 1943 744 2010 orationem
761 1939 996 2006 Corinthiaoam
1013 1940 1161 2006 addicere
1176 1943 1278 2008 voluit
1293 1943 1451 2009 Favorino

231 2055 401 2137 Emporius
424 2052 545 2137 [opusc.
570 2070 601 2133 p.
621 2049 765 2132 18-31]
788 2048 910 2114 invenit
933 2046 1062 2113 nullam.
1103 2049 1146 2114 Et
1170 2049 1299 2116 Geelius
1324 2050 1451 2132 quidem

232 2162 319 2247 [adn.
342 2162 376 2227 in
403 2160 516 2226 Dionis
541 2179 586 2224 or.
610 2178 641 2240 p.
660 2158 722 2222 341
749 2156 810 2239 sp]
839 2155 886 2221 ita
913 2155 1084 2237 iudicavit,
1115 2158 1177 2223 etsi
1206 2158 1286 2224 satis
1313 2156 1451 2240 probare

230 2269 370 2335 nondum
386 2268 545 2350 potuisset
560 2265 730 2348 Emporius
754 2283 792 2328 ea
808 2263 1014 2346 sagacissime
1037 2269 1144 2330 tamen
1160 2265 1250 2330 illum
1268 2266 1450 2347 coniecisse,

230 2393 375 2459 quaeque
400 2374 595 2456 redarguere
620 2376 706 2438 esset
729 2368 867 2436 difficile.
907 2370 1051 2453 Empcrii
1068 2390 1220 2438 conamen
1236 2373 1292 2455 qui
1311 2373 1452 2439 elevaret

230 2482 406 2547 Marrasius
433 2481 582 2547 inventus
613 2484 663 2546 est
690 2480 724 2544 in
748 2478 975 2544 dissertatione
1001 2479 1049 2546 ‘dc
1073 2479 1223 2547 Favorini
1246 2482 1313 2547 vita
1337 2481 1450 2547 studiis

230 2588 368 2671 scriptis’
393 2607 457 2653 non
480 2607 543 2653 uno
567 2586 628 2653 hoc
650 2586 778 2652 nomine
801 2585 1021 2666 vituperanda.

319 2695 352 2762 Si
381 2694 550 2776 Emporius
579 2712 689 2760 verum
717 2692 895 2775 perspexit,
930 2693 963 2758 in
998 2711 1119 2758 summo
1154 2692 1243 2758 lucro
1278 2711 1360 2759 nova
1394 2693 1451 2760 illa

230 2803 347 2870 notitia
359 2803 555 2884 deputanda
578 2806 636 2867 est.
685 2799 781 2866 Cuius
805 2801 889 2866 enim
912 2801 1079 2881 scriptoris
1102 2799 1283 2882 fragmenta
1306 2802 1449 2882 disiecta,

228 2913 292 2978 nisi
320 2928 515 2994 magnopere
545 2909 646 2975 falsus
674 2927 758 2988 sum,
794 2908 994 2990 repperimus
1023 2911 1075 2972 sat
1102 2909 1218 2989 multa,
1248 2909 1317 2974 eius
1345 2914 1449 2976 totum

229 3019 388 3103 quoddam
417 3017 603 3099 opusculum
631 3017 659 3082 si
688 3020 827 3081 aetatem
855 3014 981 3096 tulerit,
1011 3033 1094 3091 saue
1120 3016 1212 3081 nobis
1240 3018 1446 3098 gratulemur.

228 3126 275 3192 Eo
299 3126 454 3192 intentior
477 3125 520 3191 sit
543 3129 576 3190 et
607 3124 819 3190 accusationis
847 3129 1079 3190 momentorum
1104 3129 1136 3190 et
1160 3123 1353 3191 defensionis
1377 3144 1449 3192 con-

228 3232 407 3316 templatio.
1241 3253 1243 3258 ·

318 3341 500 3408 Corinthios
526 3339 708 3406 rumoribus
736 3337 879 3406 adversis
908 3339 965 3404 sed
994 3338 1034 3404 iis
1057 3336 1147 3404 falsis
1171 3339 1284 3404 ductos
1308 3343 1448 3405 statuam

229 3468 319 3514 suam
347 3453 480 3530 propter
507 3446 688 3513 facundiam
723 3451 756 3512 et
789 3446 1012 3528 philosophiae
1049 3446 1189 3512 studium
1219 3446 1298 3512 clari
1326 3447 1387 3513 viri
1415 3449 1448 3512 iu

226 3555 356 3638 publica
377 3554 572 3622 bibliotheca
594 3555 733 3637 positam
757 3573 775 3619 e
797 3555 902 3621 medio
920 3554 1087 3620 sustulisse
1105 3554 1310 3636 conqueritur
1327 3559 1445 3620 orator.

228 3663 368 3740 Quorum
392 3661 594 3745 iniquitatem
617 3662 719 3727 multa
743 3680 813 3728 cum
837 3663 1038 3730 cavillatione
1061 3664 1109 3729 ita
1124 3663 1247 3744 irridet,
1272 3667 1309 3729 ut
1325 3663 1366 3728 ad
1381 3683 1446 3729 me*

227 3770 361 3834 moriam
396 3789 486 3836 suam
521 3770 769 3836 conservandam
806 3771 923 3838 statuis
958 3788 1021 3837 non
1056 3772 1225 3839 admodum
1261 3790 1340 3852 opus
1376 3789 1446 3837 esse

227 3875 394 3959 significet.

314 3983 406 4048 Hanc
440 3983 579 4049 dialexin
613 3984 680 4051 sive
715 4001 822 4049 coram
852 3985 971 4067 populo
1000 4003 1057 4051 seu
1085 3986 1118 4050 in
1153 4003 1262 4051 corum
1298 3985 1445 4052 contione

226 4091 281 4173 qui
305 4090 345 4156 ad
369 4091 560 4156 audiendum
577 4095 790 4157 convenerant
805 4091 948 4159 habitam
969 4111 1040 4160 esse
1055 4093 1204 4160 Reiskius
1228 4097 1260 4158 et
1275 4093 1445 4176 Emporius

225 4199 295 4264 iure
331 4199 534 4264 contendunt.
594 4199 758 4282 Condigna
796 4204 871 4266 suut
909 4219 991 4283 quae
1029 4206 1217 4283 repetantur
1255 4206 1444 4283 argumenta

225 4305 382 4388 Empori,
413 4306 528 4388 quibus
556 4308 734 4374 orationem
764 4308 958 4374 abiudicavit
979 4308 1089 4374 Dioni:
1119 4313 1154 4374 at
1181 4309 1335 4375 hacteuus
1359 4311 1444 4376 inter

226 4432 335 4480 omncs
374 4415 530 4481 convenit.
567 4452 610 4462 —
644 4415 775 4482 Addixit
808 4416 965 4485 Favorino
1000 4415 1182 4482 Arelatensi
1219 4435 1283 4482 non
1320 4417 1443 4485 minore
