3506 5272
307 407 370 470 104

304 600 387 664 quae
412 545 524 662 ¹supra
561 581 601 646 de
639 579 743 647 Gellio
783 579 946 646 Clemente
983 578 1161 663 Porphyris
1205 579 1302 662 attigi
1340 578 1528 660 complenda

304 688 463 753 videntur.

706 969 735 1009 o.
755 951 918 1010 1161161116
938 953 969 1008 61
986 953 1125 1008 Laertio.

306 1126 309 1131 “
395 1117 432 1181 Α.
459 1115 617 1182 Gellius
633 1113 797 1198 [Noctium
813 1115 993 1179 Atticarum
1004 1114 1080 1179 XIV
1094 1113 1127 1198 6]
1145 1114 1344 1196 omnigenam
1361 1114 1530 1181 historiam

306 1224 457 1289 Favorini
480 1228 651 1304 postquam
674 1221 829 1304 perlegit,
854 1221 1002 1285 doctriua
1025 1221 1132 1302 operis
1156 1221 1396 1303 obstupefactus
1421 1223 1498 1287 stati
1537 1273 1547 1284 ,
1579 1241 1581 1244 ·

306 1349 484 1412 properans
500 1329 640 1394 reddidit
656 1329 812 1410 dixitque:
832 1326 945 1392 “iroro
962 1327 1010 1407 σύ,
1032 1325 1215 1392 doctissime
1228 1325 1394 1403 virorum,
1419 1327 1532 1415 ταύτης
1564 1359 1567 1362 ·

306 1436 361 1522 τῆς
381 1437 595 1519 πολυμαθίας
610 1441 643 1500 et
654 1433 780 1499 librum
795 1436 886 1500 tcum
900 1432 1189 1520 opulentissimum
1207 1433 1311 1521 recipe
1325 1435 1532 1522 octororsrcs

306 1543 354 1606 od
373 1548 504 1606 nostros
520 1541 744 1628 paupertinas
765 1540 894 1606 litteras
915 1546 1159 1625 congruentem.
1191 1541 1283 1605 Nom
1298 1564 1388 1607 meoc
1402 1543 1529 1616 Noctes,

307 1670 392 1736 quos
415 1647 617 1712 instructum
646 1653 867 1734 orrcotccmqrce
897 1647 971 1722 isti,
1001 1648 1041 1711 dc
1070 1669 1137 1711 urio
1167 1647 1316 1712 maxime
1344 1647 1403 1714 illo
1432 1670 1533 1714 verso

308 1751 455 1819 Homeri
480 1759 661 1838 quoerant,
698 1774 794 1839 qoem
822 1753 971 1821 Socrates
992 1760 1078 1839 prce
1106 1753 1258 1818 ommibus
1284 1763 1411 1842 semper
1437 1757 1533 1820 rebus

307 1857 1106 1948 1111’161111“111’11161.·ὄ111τοιένμεγάροισικακόν
1121 1860 1149 1922 τ’
1159 1856 1294 1939 ἀγαθόν
1309 1883 1343 1925 ce
1354 1863 1531 1928 τέτυκται.”

310 1969 438 2050 ‘Liquet
460 1969 587 2050 igitur,
618 1969 723 2049 aiunt,
754 1967 852 2032 ‘nulla
876 1967 940 2031 alia
969 1985 1007 2031 ex
1030 1967 1200 2048 omnigena
1223 1966 1360 2033 historia
1382 1975 1534 2052 excerpta

309 2076 342 2140 in
373 2075 529 2140 Noctibus
556 2076 674 2140 Atticis
703 2075 809 2139 inesse
843 2075 906 2138 nisi
940 2092 1023 2155 quae
1058 2074 1164 2155 capite
1199 2073 1254 2138 illo
1293 2076 1535 2158 comprehendit

310 2181 443 2252 Gellius,
484 2182 604 2260 Quodsi
627 2199 853 2262 nonnunquam
877 2180 918 2244 ad
941 2180 1092 2244 Favorini
1114 2180 1186 2261 ipsa
1209 2180 1308 2245 verba
1329 2187 1532 2262 provocatur,

309 2289 389 2355 haec
420 2293 477 2354 aut
505 2307 543 2354 ex
573 2307 719 2353 sermone
748 2291 876 2369 sumpta
906 2291 980 2351 sunt
1008 2291 1065 2351 aut
1094 2303 1133 2350 ex
1161 2287 1225 2350 alio
1249 2287 1318 2352 eius
1341 2287 1423 2353 libro
1447 2289 1535 2353 velut

309 2396 413 2477 tropis
440 2393 635 2477 Pyrrhoneis
667 2399 700 2459 61
727 2394 1084 2476 apomnemoneumatis'
1118 2392 1170 2478 [cf.
1196 2394 1226 2458 X
1252 2397 1307 2474 12,
1340 2397 1460 2461 9-10
1485 2397 1535 2461 ‘de

270 2502 273 2506 ’
312 2502 458 2568 columba
491 2501 687 2586 Archytae'J.
742 2501 893 2584 Speciosa
926 2499 1020 2580 haec,
1057 2506 1091 2565 61
1126 2520 1165 2565 ex
1198 2500 1281 2566 falsa
1309 2503 1348 2567 de
1378 2502 1474 2568 Gellii
1502 2503 1535 2567 in

312 2608 480 2675 scribendo
514 2609 640 2673 ratione
674 2612 865 2691 propagata.
924 2607 1133 2672 increbuerat
1168 2607 1265 2673 Gellii
1304 2614 1411 2674 aetate
1451 2609 1536 2692 apud

313 2717 487 2798 scriptores
527 2720 560 2779 61
599 2734 732 2797 graecos
773 2720 807 2780 et
844 2715 962 2780 latinos
1002 2716 1181 2780 doctrinam
1225 2719 1259 2779 61
1297 2717 1537 2798 simplicitatem

314 2822 508 2888 ementiendi
547 2823 752 2888 consuetudo,
816 2821 912 2887 (iuius
950 2822 1086 2886 rationis
1123 2822 1287 2904 imperitia
1325 2823 1387 2888 dici
1425 2824 1538 2905 nequit

314 2934 468 3012 quantum
502 2930 660 2995 universis
699 2930 901 3012 antiquitatis
941 2929 1057 2994 studiis
1091 2930 1245 2994 nocuerit.
1303 2931 1408 2995 Hodie
1443 2950 1536 2996 nemo

315 3055 411 3104 sanus
436 3037 577 3118 dubitat,
607 3057 646 3102 ex
670 3057 732 3120 quo
757 3056 827 3102 cum
851 3037 890 3101 de
915 3035 987 3100 aliis
1010 3040 1079 3100 tum
1102 3036 1142 3100 de
1165 3036 1236 3118 ipso
1261 3037 1365 3102 Gellio
1389 3039 1438 3102 161
1462 3038 1539 3122 quid

315 3145 358 3210 sit
381 3143 578 3226 patefactum
602 3151 661 3213 est.
709 3145 820 3226 Neque
841 3144 948 3225 ligitur
977 3162 1040 3225 quo
1072 3143 1146 3209 novi
1175 3144 1252 3224 quid
1275 3143 1451 3225 proferam,
1482 3145 1539 3210 sed

315 3256 351 3316 ut
379 3250 468 3314 illam
497 3252 537 3317 de
565 3253 736 3334 omnigena
763 3251 899 3316 historia
931 3249 1028 3314 Gellii
1056 3250 1258 3314 historiolam
1288 3251 1328 3315 ad
1359 3251 1539 3333 exemplum

315 3375 448 3440 prorsus
493 3376 667 3440 congruum
709 3360 830 3440 possim
874 3358 1018 3438 exigere,
1066 3356 1206 3438 lepidam
1244 3357 1405 3440 quandam
1443 3357 1540 3422 Gellii

316 3462 460 3528 fraudem
483 3461 695 3546 narrab0¹11).

406 3567 485 3633 Cum
509 3571 681 3636 eGraeeia
695 3570 901 3634 Brundisium
924 3587 1072 3634 reversus
1096 3568 1219 3634 Gellius
1243 3570 1275 3634 in
1299 3576 1397 3651 portu
1420 3573 1540 3653 spatia·

316 3681 416 3756 retur,
441 3675 544 3744 fasces
560 3678 715 3745 librorum
730 3676 890 3742 venalium
905 3676 985 3741 vidit
1009 3677 1172 3758 expositas
1189 3677 1344 3760 avideque
1367 3682 1404 3741 ut
1420 3684 1541 3743 emeret

318 3784 462 3849 accessit.
502 3784 604 3850 111611
627 3785 683 3850 isti
706 3784 781 3850 libri
797 3801 906 3849 omnes
930 3784 1038 3866 graeci
1052 3783 1279 3848 miraculorum
1299 3783 1542 3868 fabularumque

243 3964 246 3969 ,
318 3892 423 3975 pleni,
458 3909 511 3956 res
545 3892 709 3957 inauditae
737 3890 934 3970 incredulae,
972 3891 1146 3972 scriptores
1175 3895 1301 3956 veteres
1329 3909 1392 3956 non
1423 3911 1542 3974 parvae

319 3998 523 4064 auctoritatis
539 3998 685 4064 Aristeas
700 3998 934 4064 Proconnesius
955 4003 988 4064 61
1003 3997 1151 4079 Isigonus
1165 3997 1352 4064 Nicaeensis
1368 4003 1408 4091 61
1418 3998 1542 4066 Ctesias
1592 4051 1596 4060 .

319 4149 532 4161 ——-

392 4244 725 4314 111)Ο1.Κ1616161111611
747 4236 811 4300 diss.
838 4244 940 4315 Grypb.
963 4245 1092 4300 ι11611111
1116 4244 1198 4300 Gellii
1225 4243 1347 4299 lontibus
1370 4245 1400 4299 I’.
1437 4247 1540 4303 Posna·

320 4335 381 4390 niae
403 4337 471 4390 1860
489 4351 515 4406 p.
537 4337 568 4390 13
588 4350 646 4403 sqq.
1142 4363 1145 4370 ·
