3516 5272
1374 471 1416 536 35

199 653 232 713 et
256 646 451 713 conuarium
473 663 524 710 me
549 643 676 710 edocuit
698 641 1023 728 wilamowuziusffi)
1048 695 1056 712 .
1078 645 1192 728 Itaque
1213 646 1247 712 in
1270 653 1418 715 neutram

198 759 324 836 partem
348 752 471 818 scholia
493 751 656 818 homerica
677 751 753 816 licet
776 747 987 836 adhihere³⁹t

290 863 318 926 1.
343 860 462 925 Verum
485 863 518 923 et
540 859 662 941 primus
678 862 711 923 et
727 856 813 924 solus
830 858 948 924 dudum
969 857 1079 940 attigit
1093 855 1263 926 Eduardus
1279 861 1418 928 Meierus

200 967 265 1051 [op.
289 967 321 1032 11
355 965 411 1050 33]
448 966 591 1048 quamvis
625 964 728 1047 magis
761 965 994 1047 praesagiendo
1030 983 1125 1046 quam
1160 966 1418 1050 demonstrando,

199 1072 362 1156 proiectus
378 1074 406 1138 is
422 1073 549 1154 quidem
565 1072 605 1136 ab
617 1071 784 1137 Athenaeo
799 1071 815 1136 I
828 1074 870 1136 20
887 1072 943 1158 τῆς
958 1071 994 1135 δὲ
1005 1069 1088 1136 κατὰ
1100 1075 1216 1140 τοῦτον
1227 1074 1418 1159 [Memphin]

199 1177 352 1267 ὀρχήσεως
362 1182 416 1264 τῆς
428 1183 575 1264 τραγικῆς
589 1177 785 1263 καλουμένης
798 1183 924 1264 πρῶτος
939 1177 1100 1264 εἰσηγητὴς
1113 1183 1224 1259 γέγονε
1239 1181 1421 1258 Βάθυλλος

199 1282 486 1372 δ’Λλεξανδρεύς,
516 1282 555 1351 ὅν
583 1301 661 1370 φησι
690 1281 958 1370 παντομίμοαςῧῧ)
988 1283 1191 1372 ὀρχήσασθαι
1213 1289 1418 1365 Σέλευκος·

142 1387 150 1400 “
198 1394 407 1460 Homericum
424 1393 487 1458 dici
505 1391 671 1458 Seleucum
686 1393 794 1474 posuit
807 1392 956 1458 Meierus.
994 1392 1057 1458 Sed
1071 1399 1181 1475 potest
1196 1396 1418 1464 demonstrari.

199 1501 281 1568 Nam
304 1500 470 1567 extribus
493 1500 527 1565 in
542 1499 708 1566 Athenaeo
733 1495 833 1566 obviis
857 1519 927 1564 oum
950 1499 1024 1566 hino
1040 1501 1161 1568 alienos
1178 1521 1248 1570 esse
1266 1504 1422 1586 adpareat

200 1615 233 1674 et
256 1608 501 1674 halieuticorum
525 1607 714 1690 scriptorem
732 1613 765 1674 et
782 1626 853 1673 eum
871 1607 925 1690 qui
944 1607 1060 1672 cecinit
1076 1605 1176 1693 ἱλαρὰ
1193 1611 1324 1694 ᾄσματα
1339 1631 1420 1678 nnus

201 1721 350 1798 superest
372 1713 560 1780 Homericus
584 1715 652 1780 sine
675 1715 881 1780 distinctione
904 1715 1091 1797 plerumque
1120 1715 1161 1781 ab
1184 1716 1350 1786 Athenaeo
1373 1721 1421 1786 in·

199 1822 313 1890 ductus
326 1820 846 1906 [oiindicemSchweighaeuseri]‚
861 1837 1052 1904 quamquam
1063 1821 1124 1888 hoc
1136 1824 1263 1905 quddem
1275 1827 1345 1892 loeo
1357 1845 1421 1891 non

199 1931 268 2011 ipse
282 1929 465 1996 Athenaeus
482 1928 540 1994 sed
552 1928 744 2008 epitomator
760 1927 963 1993 adcuratiora
978 1929 1156 1996 resecuisse
1167 1932 1303 2000 videtur.
1329 1933 1421 2000 Gum-

200 2055 261 2119 qne
273 2036 486 2118 Harpocratio
500 2053 524 2100 s.
538 2054 566 2100 u.
575 2031 741 2119 Ὁμηρίδαι
757 2053 794 2099 eo
811 2038 921 2100 utatur
932 2035 1019 2102 ultra
1031 2037 1191 2104 Neronem
1205 2040 1284 2106 reici
1299 2042 1421 2124 nequit.

291 2144 321 2207 2.
346 2142 517 2208 Suetonius
552 2143 636 2208 inter
672 2140 792 2207 Tiberii
825 2142 945 2208 Romae
984 2144 1182 2211 convictores
1217 2146 1421 2216 Seleucum

201 2245 359 2328 quendam
381 2244 482 2310 refert
506 2249 538 2310 et
562 2243 811 2310 eruditissimum
834 2243 953 2310 litteris
977 2249 1218 2327 grammaticum
1241 2255 1275 2314 et
1297 2251 1423 2317 leucade

201 2347 269 2414 Tib.
295 2343 396 2432 56³⁴).
445 2347 533 2425 Quae
563 2365 633 2412 oum
664 2347 777 2411 eximie
807 2348 912 2412 omnia
944 2355 1122 2430 congruant
1152 2351 1184 2416 in
1208 2351 1422 2435 Homericum,

200 2450 284 2522 hunc
307 2467 378 2514 esse
403 2449 523 2515 Tiberii
546 2449 636 2514 illum
660 2449 873 2515 convictorem
897 2448 1109 2534 existimo⁸⁴¹’).
1149 2454 1218 2518 Iam
1237 2474 1313 2520 vero
1330 2456 1423 2539 Poly·

200 2553 288 2617 bium
305 2557 338 2618 et
351 2553 508 2618 Zenonem
527 2550 651 2616 Seleuci
668 2551 869 2616 adversarios
881 2552 1002 2618 Romae
1018 2555 1130 2620 eodem
1145 2557 1262 2622 vixisse
1278 2561 1423 2640 tempore

201 2661 234 2720 et
256 2655 472 2720 necessarium
496 2658 546 2718 est
569 2658 602 2718 et
624 2658 733 2735 potest
757 2655 967 2736 comprobari.

289 2759 320 2824 3.
344 2756 548 2840 Polybium
564 2756 648 2822 enim
664 2775 745 2838 eum,
771 2757 812 2822 ad
835 2777 930 2840 quem
945 2777 1028 2824 anno
1052 2761 1093 2824 43
1114 2780 1145 2842 p.
1164 2759 1236 2826 Chr.
1253 2781 1283 2827 n.
1302 2762 1422 2828 Seneca

200 2859 409 2942 philosophus
446 2860 535 2925 misit
574 2860 838 2942 consolationem,
885 2881 956 2926 cum
1001 2864 1192 2942 praesertim
1230 2865 1423 2932 carminibus

200 2963 370 3028 homericis
404 2962 612 3044 explanandis
647 2961 772 3028 felicem
802 2980 932 3044 operam
960 2964 1183 3046 insumpserit,
1220 2967 1423 3048 conspirante

202 3072 235 3132 et
258 3070 365 3131 aetate
388 3071 422 3131 et
444 3066 513 3131 loco
538 3070 571 3130 et
594 3065 772 3129 studiorum
795 3065 920 3129 ratione
944 3065 1068 3131 Seleuci
1097 3085 1167 3133 esse
1191 3068 1223 3132 in
1246 3068 1423 3152 Hyperboli

201 3172 304 3233 matre
328 3168 512 3233 extricanda
536 3168 656 3234 socium
679 3167 712 3230 in
735 3167 906 3249 propatulo
932 3173 990 3233 est.

272 3309 324 3379 311))
342 3309 434 3364 Etiam
452 3308 606 3364 Beccardus
627 3307 656 3362 in
675 3307 782 3378 egregio
801 3308 849 3364 illo
868 3308 910 3364 ‘de
930 3308 1041 3364 scholiis
1060 3309 1088 3363 in
1106 3310 1218 3366 Homeri
1236 3310 1350 3366 iliadem
1369 3312 1422 3368 Ve-

202 3395 282 3450 netis’
305 3395 399 3449 libello
420 3393 495 3462 [diss.
517 3392 608 3448 Berol.
628 3393 848 3462 lampaia]
874 3393 968 3447 eodem
992 3399 1101 3448 tenetur
1124 3394 1157 3449 de
1182 3395 1296 3451 Seleuco
1321 3411 1423 3465 errore,

203 3495 365 3548 quamquam
384 3479 418 3534 de
437 3478 601 3532 scholiorum
621 3475 724 3544 origine
745 3481 840 3532 eontra
857 3477 1002 3532 Lehraium
1020 3485 1095 3534 recte
1114 3479 1253 3534 iudicavit.

276 3563 314 3634 32)
331 3563 401 3618 Sunt
413 3563 461 3632 qui
470 3561 642 3630 Bemhardyi
654 3561 683 3616 in
694 3561 802 3616 Suidam
814 3577 834 3617 s.
846 3577 871 3616 v.
881 3565 1006 3622 Σέλευκος
1016 3561 1190 3619 adnotatione
1201 3564 1265 3619 lreti
1275 3565 1332 3619 sino
1342 3581 1422 3636 argu·

202 3651 300 3705 mentis
307 3649 449 3704 Seleucum
456 3649 490 3702 ad
497 3646 725 3701 Tiberiiaetatem
734 3645 1172 3714 remittantaperitorumuullout
1181 3648 1259 3704 decet
1269 3649 1422 3719 adprobati.

272 3733 311 3806 88)
329 3739 453 3805 νομίμως
471 3732 551 3788 codd.
571 3731 725 3786 emendavit
743 3730 977 3786 Wilamowitzius.

278 3817 316 3890 ³5¹)
334 3822 409 3871 ‘Item
427 3835 486 3870 cum
510 3821 605 3870 soleret
625 3835 659 3868 ex
681 3820 786 3868 lectam
808 3819 946 3868 cottoltc'ema
969 3820 1142 3882 quaestrbnem
1160 3827 1241 3885 super
1259 3835 1348 3870 cenam
1361 3829 1423 3886 pro·

198 3914 298 3972 poam
315 3913 341 3954 et
356 3908 521 3970 conspersisset
538 3905 674 3953 Seleucum
692 3919 710 3952 a
727 3904 855 3954 maaca
872 3905 928 3952 sua
940 3905 1105 3968 perquirere,
1124 3921 1188 3969 quos
1200 3921 1300 3970 quoque
1312 3912 1423 3970 tempere

203 3997 330 4041 temtaret
348 3997 468 4040 auctores
485 3996 563 4053 atque
581 3991 618 4038 ite
631 3994 823 4052 praeparatum
840 3990 939 4048 venire,
952 3991 1071 4052 prmum
1092 4005 1109 4038 a
1129 3991 1293 4040 canheberm'o
1307 3994 1423 4052 rernovit,

202 4077 295 4126 derhde
317 4077 394 4126 raam
419 4077 456 4126 ad
477 4081 584 4126 mortem
606 4071 743 4139 compulit!
769 4101 802 4112 -—
831 4069 958 4126 Ceterum
983 4071 1054 4139 quod
1078 4071 1182 4127 Seneca
1199 4073 1294 4127 rhetor
1313 4073 1352 4144 [p.
1373 4077 1422 4130 168

203 4159 292 4229 Burs]
322 4157 466 4215 Seleucum
492 4158 645 4214 nominasse
673 4155 770 4224 iertnr,
804 4155 852 4224 qui
883 4155 1036 4212 fastidisset
1066 4157 1201 4225 quandam
1228 4157 1422 4228 qaaestionem,

203 4242 381 4312 Kieleliugius
400 4242 587 4298 emendatione
606 4241 717 4296 sustulit
735 4241 764 4294 in
782 4239 910 4296 editione.
1323 4288 1324 4292 ,

278 4325 329 4397 ³4¹¹)
347 4327 423 4382 Idem
442 4326 588 4383 subtimide
610 4325 728 4382 coniecit
745 4325 900 4380 Beccardus
918 4341 944 4394 p.
965 4327 998 4381 68
1017 4340 1057 4395 sq.
1075 4340 1171 4394 parum
1195 4324 1247 4380 sibi
1270 4326 1323 4382 hac
1346 4327 1375 4383 in
1393 4343 1423 4384 ro

204 4417 331 4469 constans
351 4411 399 4484 [cl.
417 4411 479 4466 adn.
498 4411 567 4482 311‘].

1226 4499 1263 4554 3*
