<?xml version="1.0" encoding="UTF-8"?>
<!DOCTYPE html PUBLIC "-//W3C//DTD XHTML 1.0 Transitional//EN"
    "http://www.w3.org/TR/xhtml1/DTD/xhtml1-transitional.dtd">
<html xmlns="http://www.w3.org/1999/xhtml" xml:lang="en" lang="en">
 <head>
  <title>
</title>
<meta http-equiv="Content-Type" content="text/html;charset=utf-8" />
  <meta name='ocr-system' content='tesseract 3.04.00' />
  <meta name='ocr-capabilities' content='ocr_page ocr_carea ocr_par ocr_line ocrx_word'/>
</head>
<body>
  <div class='ocr_page' id='page_1' title='image "./debiographisgra00maasgoog_0048.png"; bbox 0 0 3516 5272; ppageno 0'>
   <div class='ocr_carea' id='block_1_1' title="bbox 1398 490 1441 556">
    <p class='ocr_par' dir='ltr' id='par_1_1' title="bbox 1398 490 1441 556">
     <span class='ocr_line' id='line_1_1' title="bbox 1398 490 1441 556; baseline -0.023 0"><span class='ocrx_word' id='word_1_1' title='bbox 1398 490 1441 556; x_wconf 88' lang='grc'><strong>39</strong></span> 
     </span>
    </p>
   </div>
   <div class='ocr_carea' id='block_1_2' title="bbox 226 667 1444 862">
    <p class='ocr_par' dir='ltr' id='par_1_2' title="bbox 226 667 1444 862">
     <span class='ocr_line' id='line_1_2' title="bbox 226 667 1444 757; baseline -0.004 -18"><span class='ocrx_word' id='word_1_2' title='bbox 226 675 296 740; x_wconf 90' lang='lat' dir='ltr'><strong>nita</strong></span> <span class='ocrx_word' id='word_1_3' title='bbox 306 669 345 757; x_wconf 78' lang='lat'><strong>³⁸)</strong></span> <span class='ocrx_word' id='word_1_4' title='bbox 370 677 403 738; x_wconf 91' lang='lat' dir='ltr'><strong>et</strong></span> <span class='ocrx_word' id='word_1_5' title='bbox 426 689 611 755; x_wconf 84' lang='lat' dir='ltr'><strong>expressum</strong></span> <span class='ocrx_word' id='word_1_6' title='bbox 630 672 665 736; x_wconf 93' lang='lat' dir='ltr'><strong>in</strong></span> <span class='ocrx_word' id='word_1_7' title='bbox 687 669 792 736; x_wconf 90' lang='lat' dir='ltr'><strong>indice</strong></span> <span class='ocrx_word' id='word_1_8' title='bbox 807 669 953 734; x_wconf 90' lang='lat' dir='ltr'><strong>Pliniano</strong></span> <span class='ocrx_word' id='word_1_9' title='bbox 969 668 1151 735; x_wconf 89' lang='lat' dir='ltr'><strong>Polemonis</strong></span> <span class='ocrx_word' id='word_1_10' title='bbox 1166 667 1336 751; x_wconf 84' lang='lat' dir='ltr'><strong>vestigium</strong></span> <span class='ocrx_word' id='word_1_11' title='bbox 1350 668 1444 734; x_wconf 93' lang='lat' dir='ltr'><strong>modo</strong></span> 
     </span>
     <span class='ocr_line' id='line_1_3' title="bbox 227 775 1190 862; baseline -0.006 -15"><span class='ocrx_word' id='word_1_12' title='bbox 227 801 298 848; x_wconf 95' lang='lat' dir='ltr'><strong>cum</strong></span> <span class='ocrx_word' id='word_1_13' title='bbox 320 775 479 846; x_wconf 77' lang='lat' dir='ltr'><strong>Athenaei</strong></span> <span class='ocrx_word' id='word_1_14' title='bbox 502 781 641 862; x_wconf 83' lang='lat' dir='ltr'><strong>epitome</strong></span> <span class='ocrx_word' id='word_1_15' title='bbox 663 779 679 843; x_wconf 97' lang='grc' dir='ltr'>Ι</span> <span class='ocrx_word' id='word_1_16' title='bbox 703 797 733 860; x_wconf 88' lang='lat' dir='ltr'><strong>p.</strong></span> <span class='ocrx_word' id='word_1_17' title='bbox 754 780 793 842; x_wconf 85' lang='lat'><strong>19</strong></span> <span class='ocrx_word' id='word_1_18' title='bbox 816 778 837 844; x_wconf 93' lang='lat' dir='ltr'><strong>h</strong></span> <span class='ocrx_word' id='word_1_19' title='bbox 862 776 1006 844; x_wconf 86' lang='lat' dir='ltr'><strong>conferas</strong></span> <span class='ocrx_word' id='word_1_20' title='bbox 1029 777 1190 842; x_wconf 84' lang='lat' dir='ltr'>Pliniana:</span> 
     </span>
    </p>
   </div>
   <div class='ocr_carea' id='block_1_3' title="bbox 278 933 1271 1026">
    <p class='ocr_par' dir='ltr' id='par_1_3' title="bbox 278 933 1271 1026">
     <span class='ocr_line' id='line_1_4' title="bbox 278 933 1271 1026; baseline -0.009 -32"><span class='ocrx_word' id='word_1_21' title='bbox 278 939 366 994; x_wconf 84' lang='lat' dir='ltr'><strong>Varro</strong></span> <span class='ocrx_word' id='word_1_22' title='bbox 385 938 457 1007; x_wconf 86' lang='lat' dir='ltr'><strong>apud</strong></span> <span class='ocrx_word' id='word_1_23' title='bbox 475 937 601 992; x_wconf 90' lang='lat' dir='ltr'><strong>Plinium.</strong></span> <span class='ocrx_word' id='word_1_24' title='bbox 673 935 677 1026; x_wconf 63' lang='lat' dir='ltr'><strong>l</strong></span> <span class='ocrx_word' id='word_1_25' title='bbox 872 935 983 990; x_wconf 90' lang='lat' dir='ltr'><strong>Polemo</strong></span> <span class='ocrx_word' id='word_1_26' title='bbox 1002 935 1074 1004; x_wconf 87' lang='lat' dir='ltr'><strong>apud</strong></span> <span class='ocrx_word' id='word_1_27' title='bbox 1093 933 1271 988; x_wconf 78' lang='lat' dir='ltr'><strong>Athenaeum.</strong></span> 
     </span>
    </p>
   </div>
   <div class='ocr_carea' id='block_1_4' title="bbox 209 1054 1445 1898">
    <p class='ocr_par' dir='ltr' id='par_1_4' title="bbox 209 1054 1445 1898">
     <span class='ocr_line' id='line_1_5' title="bbox 229 1054 1443 1146; baseline -0.005 -16"><span class='ocrx_word' id='word_1_28' title='bbox 229 1063 310 1130; x_wconf 70' lang='lat' dir='ltr'><strong>fecii</strong></span> <span class='ocrx_word' id='word_1_29' title='bbox 329 1069 382 1130; x_wconf 85' lang='lat' dir='ltr'><strong>et.</strong></span> <span class='ocrx_word' id='word_1_30' title='bbox 399 1115 406 1130; x_wconf 91' lang='lat'>.</span> <span class='ocrx_word' id='word_1_31' title='bbox 423 1064 648 1130; x_wconf 71' lang='lat' dir='ltr'><strong>ceiheroea&#39;um</strong></span> <span class='ocrx_word' id='word_1_32' title='bbox 702 1062 739 1129; x_wconf 77' lang='grc' dir='ltr'><strong><em>ἐν</em></strong></span> <span class='ocrx_word' id='word_1_33' title='bbox 762 1063 797 1126; x_wconf 80' lang='grc' dir='ltr'><strong>δὲ</strong></span> <span class='ocrx_word' id='word_1_34' title='bbox 820 1061 942 1146; x_wconf 78' lang='grc' dir='ltr'><strong><em>Θήβαις</em></strong></span> <span class='ocrx_word' id='word_1_35' title='bbox 958 1057 1127 1145; x_wconf 79' lang='grc' dir='ltr'><strong><em>Πινδάρου</em></strong></span> <span class='ocrx_word' id='word_1_36' title='bbox 1152 1056 1210 1125; x_wconf 79' lang='grc' dir='ltr'><strong><em>οὐκ</em></strong></span> <span class='ocrx_word' id='word_1_37' title='bbox 1232 1059 1316 1126; x_wconf 86' lang='grc' dir='ltr'><strong><em>ἔστιν</em></strong></span> <span class='ocrx_word' id='word_1_38' title='bbox 1340 1054 1443 1137; x_wconf 74' lang='grc' dir='ltr'><strong><em>οἶνόν,</em></strong></span> 
     </span>
     <span class='ocr_line' id='line_1_6' title="bbox 224 1161 1444 1258; baseline -0.003 -22"><span class='ocrx_word' id='word_1_39' title='bbox 224 1169 289 1258; x_wconf 80' lang='lat' dir='ltr'><strong>qui</strong></span> <span class='ocrx_word' id='word_1_40' title='bbox 301 1169 450 1236; x_wconf 74' lang='lat' dir='ltr'><strong>Dicaeus</strong></span> <span class='ocrx_word' id='word_1_41' title='bbox 464 1171 649 1258; x_wconf 80' lang='lat' dir='ltr'><strong>adpellctus</strong></span> <span class='ocrx_word' id='word_1_42' title='bbox 702 1169 846 1244; x_wconf 80' lang='grc' dir='ltr'><strong><em>Κλέωνος</em></strong></span> <span class='ocrx_word' id='word_1_43' title='bbox 864 1169 902 1233; x_wconf 81' lang='grc' dir='ltr'><strong>δὲ</strong></span> <span class='ocrx_word' id='word_1_44' title='bbox 924 1173 982 1234; x_wconf 85' lang='grc' dir='ltr'><strong><em>τοῦ</em></strong></span> <span class='ocrx_word' id='word_1_45' title='bbox 1005 1163 1102 1255; x_wconf 79' lang='grc' dir='ltr'><strong><em>ᾠδοῦ,</em></strong></span> <span class='ocrx_word' id='word_1_46' title='bbox 1125 1165 1176 1252; x_wconf 75' lang='grc' dir='ltr'><strong>ἐφ’</strong></span> <span class='ocrx_word' id='word_1_47' title='bbox 1201 1161 1237 1252; x_wconf 81' lang='grc' dir='ltr'><strong>ἧς</strong></span> <span class='ocrx_word' id='word_1_48' title='bbox 1251 1166 1444 1255; x_wconf 76' lang='grc' dir='ltr'><strong><em>ἐπιγέγραπ-</em></strong></span> 
     </span>
     <span class='ocr_line' id='line_1_7' title="bbox 225 1268 1445 1365; baseline -0.004 -22"><span class='ocrx_word' id='word_1_49' title='bbox 225 1277 649 1365; x_wconf 81' lang='lat' dir='ltr'><strong>est,qcc0d,cumTlcebcecb</strong></span> <span class='ocrx_word' id='word_1_50' title='bbox 702 1299 757 1342; x_wconf 87' lang='grc' dir='ltr'><strong>ται</strong></span> <span class='ocrx_word' id='word_1_51' title='bbox 857 1274 923 1340; x_wconf 78' lang='grc' dir='ltr'><strong>ὑπὸ</strong></span> <span class='ocrx_word' id='word_1_52' title='bbox 946 1271 1061 1340; x_wconf 89' lang='grc' dir='ltr'><strong><em>τοότου</em></strong></span> <span class='ocrx_word' id='word_1_53' title='bbox 1087 1274 1144 1339; x_wconf 85' lang='grc' dir='ltr'><strong><em>τὸν</em></strong></span> <span class='ocrx_word' id='word_1_54' title='bbox 1172 1268 1365 1360; x_wconf 77' lang='grc' dir='ltr'><strong><em>ἀνδριάντα,</em></strong></span> <span class='ocrx_word' id='word_1_55' title='bbox 1395 1271 1445 1338; x_wconf 85' lang='grc' dir='ltr'><strong>ὅτε</strong></span> 
     </span>
     <span class='ocr_line' id='line_1_8' title="bbox 225 1377 1444 1472; baseline -0.005 -22"><span class='ocrx_word' id='word_1_56' title='bbox 225 1384 422 1450; x_wconf 78' lang='lat' dir='ltr'><strong>AEexcndro</strong></span> <span class='ocrx_word' id='word_1_57' title='bbox 441 1389 646 1472; x_wconf 71' lang='lat' dir='ltr'><em>caperentur,</em></span> <span class='ocrx_word' id='word_1_58' title='bbox 696 1380 909 1469; x_wconf 82' lang='grc' dir='ltr'><strong><em>Ἀλέξανδρος</em></strong></span> <span class='ocrx_word' id='word_1_59' title='bbox 923 1378 981 1457; x_wconf 80' lang='grc' dir='ltr'><strong>τὰς</strong></span> <span class='ocrx_word' id='word_1_60' title='bbox 997 1377 1108 1466; x_wconf 80' lang='grc' dir='ltr'><em>Θήβας</em></span> <span class='ocrx_word' id='word_1_61' title='bbox 1123 1383 1328 1465; x_wconf 80' lang='grc' dir='ltr'><strong><em>κατέσκαπτε,</em></strong></span> <span class='ocrx_word' id='word_1_62' title='bbox 1353 1387 1444 1467; x_wconf 73' lang='grc' dir='ltr'><strong>φησι</strong></span> 
     </span>
     <span class='ocr_line' id='line_1_9' title="bbox 209 1483 1443 1577; baseline -0.002 -22"><span class='ocrx_word' id='word_1_63' title='bbox 209 1483 351 1557; x_wconf 53' lang='lat' dir='ltr'><strong>&#39;eurum</strong></span> <span class='ocrx_word' id='word_1_64' title='bbox 366 1490 561 1577; x_wconf 78' lang='lat' dir='ltr'><strong>refugiente</strong></span> <span class='ocrx_word' id='word_1_65' title='bbox 575 1513 649 1556; x_wconf 81' lang='lat' dir='ltr'><strong>core·</strong></span> <span class='ocrx_word' id='word_1_66' title='bbox 707 1491 889 1573; x_wconf 77' lang='grc' dir='ltr'><strong><em>Πολέμων</em></strong></span> <span class='ocrx_word' id='word_1_67' title='bbox 928 1485 1089 1574; x_wconf 77' lang='grc' dir='ltr'><strong><em>φεόγοντοὶ</em></strong></span> <span class='ocrx_word' id='word_1_68' title='bbox 1122 1510 1196 1554; x_wconf 87' lang='grc' dir='ltr'><strong><em>τινα</em></strong></span> <span class='ocrx_word' id='word_1_69' title='bbox 1231 1491 1364 1570; x_wconf 74' lang='grc' dir='ltr'><strong><em>χρυσίον</em></strong></span> <span class='ocrx_word' id='word_1_70' title='bbox 1397 1490 1443 1564; x_wconf 77' lang='grc' dir='ltr'><strong>εἰς</strong></span> 
     </span>
     <span class='ocr_line' id='line_1_10' title="bbox 224 1593 1443 1682; baseline -0.002 -20"><span class='ocrx_word' id='word_1_71' title='bbox 224 1596 334 1663; x_wconf 69' lang='lat' dir='ltr'><strong>datum</strong></span> <span class='ocrx_word' id='word_1_72' title='bbox 344 1596 649 1664; x_wconf 68' lang='lat' dir='ltr'><strong>abueraseeletrcm</strong></span> <span class='ocrx_word' id='word_1_73' title='bbox 702 1599 739 1661; x_wconf 84' lang='lat' dir='ltr'><strong>cd</strong></span> <span class='ocrx_word' id='word_1_74' title='bbox 785 1593 913 1682; x_wconf 78' lang='grc' dir='ltr'><strong><em>ἳμοέτιον</em></strong></span> <span class='ocrx_word' id='word_1_75' title='bbox 954 1594 1063 1660; x_wconf 78' lang='grc' dir='ltr'><strong><em>κοῖλον</em></strong></span> <span class='ocrx_word' id='word_1_76' title='bbox 1102 1594 1139 1659; x_wconf 83' lang='grc' dir='ltr'><strong><em>ὂν</em></strong></span> <span class='ocrx_word' id='word_1_77' title='bbox 1181 1593 1348 1660; x_wconf 72' lang='grc' dir='ltr'><strong><em>ἐνθέσθαι</em></strong></span> <span class='ocrx_word' id='word_1_78' title='bbox 1389 1596 1443 1660; x_wconf 75' lang='grc' dir='ltr'><strong>καὶ</strong></span> 
     </span>
     <span class='ocr_line' id='line_1_11' title="bbox 223 1698 1442 1790; baseline 0 -20"><span class='ocrx_word' id='word_1_79' title='bbox 223 1710 311 1772; x_wconf 78' lang='lat' dir='ltr'><strong>esset.</strong></span> <span class='ocrx_word' id='word_1_80' title='bbox 702 1703 958 1788; x_wconf 79' lang='grc' dir='ltr'><strong><em>συνοικιζομένης</em></strong></span> <span class='ocrx_word' id='word_1_81' title='bbox 994 1698 1226 1768; x_wconf 67' lang='grc' dir='ltr'><strong><em>ἐπανελθόντα</em></strong></span> <span class='ocrx_word' id='word_1_82' title='bbox 1266 1699 1369 1790; x_wconf 72' lang='lat' dir='ltr'><strong>adorior</strong></span> <span class='ocrx_word' id='word_1_83' title='bbox 1405 1701 1442 1770; x_wconf 81' lang='grc' dir='ltr'><strong>τό</strong></span> 
     </span>
     <span class='ocr_line' id='line_1_12' title="bbox 699 1808 1203 1898; baseline -0.006 -22"><span class='ocrx_word' id='word_1_84' title='bbox 699 1815 828 1898; x_wconf 73' lang='grc' dir='ltr'><strong><em>χρυσίον</em></strong></span> <span class='ocrx_word' id='word_1_85' title='bbox 848 1809 930 1894; x_wconf 82' lang='grc' dir='ltr'><strong><em>μετοὶ</em></strong></span> <span class='ocrx_word' id='word_1_86' title='bbox 954 1808 1005 1896; x_wconf 83' lang='grc' dir='ltr'><strong>ἔτη</strong></span> <span class='ocrx_word' id='word_1_87' title='bbox 1027 1808 1203 1895; x_wconf 78' lang='grc' dir='ltr'><strong><em>τριάκοντα.</em></strong></span> 
     </span>
    </p>
   </div>
   <div class='ocr_carea' id='block_1_5' title="bbox 221 1951 1443 3002">
    <p class='ocr_par' dir='ltr' id='par_1_5' title="bbox 221 1951 1443 3002">
     <span class='ocr_line' id='line_1_13' title="bbox 311 1951 1440 2046; baseline -0.004 -24"><span class='ocrx_word' id='word_1_88' title='bbox 311 1955 515 2022; x_wconf 84' lang='lat' dir='ltr'>Polemonem</span> <span class='ocrx_word' id='word_1_89' title='bbox 538 1959 683 2019; x_wconf 92' lang='lat' dir='ltr'><strong>tenemus</strong></span> <span class='ocrx_word' id='word_1_90' title='bbox 706 1953 872 2046; x_wconf 86' lang='lat' dir='ltr'><strong>utriusque</strong></span> <span class='ocrx_word' id='word_1_91' title='bbox 896 1955 1068 2018; x_wconf 83' lang='lat' dir='ltr'><strong>auctorem.</strong></span> <span class='ocrx_word' id='word_1_92' title='bbox 1115 1951 1299 2030; x_wconf 82' lang='lat' dir='ltr'><strong>Quaeritur·</strong></span> <span class='ocrx_word' id='word_1_93' title='bbox 1314 1951 1440 2034; x_wconf 87' lang='lat' dir='ltr'><strong>qualem</strong></span> 
     </span>
     <span class='ocr_line' id='line_1_14' title="bbox 223 2058 1440 2145; baseline -0.002 -17"><span class='ocrx_word' id='word_1_94' title='bbox 223 2063 340 2130; x_wconf 89' lang='lat' dir='ltr'><strong>librum</strong></span> <span class='ocrx_word' id='word_1_95' title='bbox 364 2062 580 2145; x_wconf 81' lang='lat' dir='ltr'><strong>designaverit</strong></span> <span class='ocrx_word' id='word_1_96' title='bbox 594 2061 788 2126; x_wconf 76' lang='lat' dir='ltr'><strong>Athenaeus,</strong></span> <span class='ocrx_word' id='word_1_97' title='bbox 830 2059 863 2126; x_wconf 87' lang='lat' dir='ltr'><strong>Si</strong></span> <span class='ocrx_word' id='word_1_98' title='bbox 883 2059 1025 2125; x_wconf 90' lang='lat' dir='ltr'><strong>Prellero</strong></span> <span class='ocrx_word' id='word_1_99' title='bbox 1049 2058 1207 2124; x_wconf 89' lang='lat' dir='ltr'><strong>credimus</strong></span> <span class='ocrx_word' id='word_1_100' title='bbox 1229 2059 1440 2126; x_wconf 60' lang='lat' dir='ltr'><strong>‘Baiouarii</strong></span> 
     </span>
     <span class='ocr_line' id='line_1_15' title="bbox 223 2166 1442 2252; baseline -0.003 -14"><span class='ocrx_word' id='word_1_101' title='bbox 223 2173 267 2238; x_wconf 93' lang='lat' dir='ltr'><strong>At</strong></span> <span class='ocrx_word' id='word_1_102' title='bbox 290 2170 448 2238; x_wconf 86' lang='lat' dir='ltr'><strong>artificum</strong></span> <span class='ocrx_word' id='word_1_103' title='bbox 464 2170 628 2252; x_wconf 83' lang='lat' dir='ltr'><strong>catalogos</strong></span> <span class='ocrx_word' id='word_1_104' title='bbox 641 2167 829 2234; x_wconf 83' lang='lat' dir='ltr'><strong>incredibile</strong></span> <span class='ocrx_word' id='word_1_105' title='bbox 845 2168 1048 2250; x_wconf 81' lang='lat' dir='ltr'><strong>periegeseos</strong></span> <span class='ocrx_word' id='word_1_106' title='bbox 1062 2166 1146 2232; x_wconf 91' lang='lat' dir='ltr'><strong>libro</strong></span> <span class='ocrx_word' id='word_1_107' title='bbox 1162 2166 1287 2232; x_wconf 90' lang='lat' dir='ltr'><strong>cuidam</strong></span> <span class='ocrx_word' id='word_1_108' title='bbox 1303 2167 1442 2234; x_wconf 86' lang='lat' dir='ltr'><strong>insertos</strong></span> 
     </span>
     <span class='ocr_line' id='line_1_16' title="bbox 224 2273 1443 2359; baseline -0.002 -15"><span class='ocrx_word' id='word_1_109' title='bbox 224 2297 309 2358; x_wconf 85' lang='lat' dir='ltr'><strong>esse,</strong></span> <span class='ocrx_word' id='word_1_110' title='bbox 334 2282 367 2342; x_wconf 91' lang='lat' dir='ltr'><strong>et</strong></span> <span class='ocrx_word' id='word_1_111' title='bbox 390 2277 527 2343; x_wconf 90' lang='lat' dir='ltr'><strong>concidit</strong></span> <span class='ocrx_word' id='word_1_112' title='bbox 550 2277 685 2342; x_wconf 90' lang='lat' dir='ltr'><strong>Prelleri</strong></span> <span class='ocrx_word' id='word_1_113' title='bbox 708 2279 945 2359; x_wconf 84' lang='lat' dir='ltr'><strong>argumentum,</strong></span> <span class='ocrx_word' id='word_1_114' title='bbox 973 2274 1059 2356; x_wconf 93' lang='lat' dir='ltr'><strong>quod</strong></span> <span class='ocrx_word' id='word_1_115' title='bbox 1081 2274 1114 2339; x_wconf 94' lang='lat' dir='ltr'><strong>in</strong></span> <span class='ocrx_word' id='word_1_116' title='bbox 1138 2274 1206 2339; x_wconf 90' lang='lat' dir='ltr'><strong>sola</strong></span> <span class='ocrx_word' id='word_1_117' title='bbox 1228 2273 1369 2355; x_wconf 89' lang='lat' dir='ltr'><strong>positum</strong></span> <span class='ocrx_word' id='word_1_118' title='bbox 1393 2280 1443 2342; x_wconf 91' lang='lat' dir='ltr'><strong>est</strong></span> 
     </span>
     <span class='ocr_line' id='line_1_17' title="bbox 224 2380 1441 2466; baseline 0.001 -17"><span class='ocrx_word' id='word_1_119' title='bbox 224 2383 403 2450; x_wconf 87' lang='lat' dir='ltr'><strong>Thebarum</strong></span> <span class='ocrx_word' id='word_1_120' title='bbox 432 2384 603 2449; x_wconf 91' lang='lat' dir='ltr'><strong>mentione.</strong></span> <span class='ocrx_word' id='word_1_121' title='bbox 657 2383 727 2466; x_wconf 85' lang='lat' dir='ltr'><strong>Ego</strong></span> <span class='ocrx_word' id='word_1_122' title='bbox 751 2401 770 2448; x_wconf 90' lang='lat' dir='ltr'><strong>a</strong></span> <span class='ocrx_word' id='word_1_123' title='bbox 798 2383 914 2454; x_wconf 90' lang='lat' dir='ltr'><strong>ceteris</strong></span> <span class='ocrx_word' id='word_1_124' title='bbox 941 2381 1063 2446; x_wconf 87' lang='lat' dir='ltr'><strong>Laertii</strong></span> <span class='ocrx_word' id='word_1_125' title='bbox 1090 2380 1247 2447; x_wconf 91' lang='lat' dir='ltr'><strong>indicibus</strong></span> <span class='ocrx_word' id='word_1_126' title='bbox 1271 2383 1304 2448; x_wconf 94' lang='lat' dir='ltr'><strong>in</strong></span> <span class='ocrx_word' id='word_1_127' title='bbox 1328 2384 1441 2466; x_wconf 85' lang='lat' dir='ltr'><strong>quihus</strong></span> 
     </span>
     <span class='ocr_line' id='line_1_18' title="bbox 224 2488 1441 2573; baseline -0.001 -16"><span class='ocrx_word' id='word_1_128' title='bbox 224 2493 341 2557; x_wconf 90' lang='lat' dir='ltr'><strong>citatur</strong></span> <span class='ocrx_word' id='word_1_129' title='bbox 370 2491 500 2556; x_wconf 90' lang='lat' dir='ltr'><strong>Polemo</strong></span> <span class='ocrx_word' id='word_1_130' title='bbox 537 2489 678 2573; x_wconf 86' lang='grc'>[11104.</span> <span class='ocrx_word' id='word_1_131' title='bbox 708 2491 753 2557; x_wconf 89' lang='lat' dir='ltr'><strong>IV</strong></span> <span class='ocrx_word' id='word_1_132' title='bbox 778 2491 828 2555; x_wconf 83' lang='lat'><strong>58.</strong></span> <span class='ocrx_word' id='word_1_133' title='bbox 857 2491 886 2555; x_wconf 90' lang='lat' dir='ltr'>V</span> <span class='ocrx_word' id='word_1_134' title='bbox 910 2488 966 2572; x_wconf 87' lang='lat'><strong>85]</strong></span> <span class='ocrx_word' id='word_1_135' title='bbox 998 2489 1175 2553; x_wconf 86' lang='lat' dir='ltr'><strong>exeundum</strong></span> <span class='ocrx_word' id='word_1_136' title='bbox 1205 2493 1296 2554; x_wconf 88' lang='lat' dir='ltr'><strong>ratus</strong></span> <span class='ocrx_word' id='word_1_137' title='bbox 1323 2490 1441 2556; x_wconf 89' lang='lat' dir='ltr'><strong>librum</strong></span> 
     </span>
     <span class='ocr_line' id='line_1_19' title="bbox 223 2592 1441 2684; baseline 0.003 -22"><span class='ocrx_word' id='word_1_138' title='bbox 223 2600 303 2684; x_wconf 84' lang='grc' dir='ltr'><strong><em>πρὸς</em></strong></span> <span class='ocrx_word' id='word_1_139' title='bbox 317 2594 455 2662; x_wconf 70' lang='grc' dir='ltr'><strong><em>Ἀδαῖον</em></strong></span> <span class='ocrx_word' id='word_1_140' title='bbox 473 2601 528 2660; x_wconf 72' lang='grc' dir='ltr'><strong><em>ναι</em></strong></span> <span class='ocrx_word' id='word_1_141' title='bbox 544 2592 733 2676; x_wconf 74' lang='grc' dir='ltr'><strong><em>Ἀντίγονον</em></strong></span> <span class='ocrx_word' id='word_1_142' title='bbox 748 2596 879 2663; x_wconf 81' lang='lat' dir='ltr'><strong>subesse</strong></span> <span class='ocrx_word' id='word_1_143' title='bbox 896 2596 1057 2662; x_wconf 81' lang='lat' dir='ltr'><strong>existimo:</strong></span> <span class='ocrx_word' id='word_1_144' title='bbox 1075 2595 1148 2661; x_wconf 92' lang='lat' dir='ltr'><strong>illos</strong></span> <span class='ocrx_word' id='word_1_145' title='bbox 1164 2597 1248 2660; x_wconf 92' lang='lat' dir='ltr'><strong>enim</strong></span> <span class='ocrx_word' id='word_1_146' title='bbox 1262 2598 1441 2666; x_wconf 87' lang='lat' dir='ltr'><strong>rectissime</strong></span> 
     </span>
     <span class='ocr_line' id='line_1_20' title="bbox 222 2703 1441 2788; baseline 0.001 -18"><span class='ocrx_word' id='word_1_147' title='bbox 222 2705 383 2771; x_wconf 89' lang='lat' dir='ltr'><strong>Prellerus</strong></span> <span class='ocrx_word' id='word_1_148' title='bbox 407 2703 602 2788; x_wconf 89' lang='lat' dir='ltr'><strong>[Polemonis</strong></span> <span class='ocrx_word' id='word_1_149' title='bbox 625 2703 664 2770; x_wconf 88' lang='lat' dir='ltr'><strong>fr.</strong></span> <span class='ocrx_word' id='word_1_150' title='bbox 687 2723 717 2785; x_wconf 93' lang='lat' dir='ltr'><strong>p.</strong></span> <span class='ocrx_word' id='word_1_151' title='bbox 738 2703 814 2788; x_wconf 79' lang='lat'>107]</span> <span class='ocrx_word' id='word_1_152' title='bbox 844 2705 885 2769; x_wconf 91' lang='lat' dir='ltr'><strong>ad</strong></span> <span class='ocrx_word' id='word_1_153' title='bbox 915 2703 995 2769; x_wconf 92' lang='lat' dir='ltr'><strong>illud</strong></span> <span class='ocrx_word' id='word_1_154' title='bbox 1022 2703 1107 2785; x_wconf 91' lang='lat' dir='ltr'><strong>quod</strong></span> <span class='ocrx_word' id='word_1_155' title='bbox 1130 2703 1195 2769; x_wconf 84' lang='lat' dir='ltr'><strong>dixi</strong></span> <span class='ocrx_word' id='word_1_156' title='bbox 1219 2722 1299 2786; x_wconf 89' lang='lat' dir='ltr'><strong>opus</strong></span> <span class='ocrx_word' id='word_1_157' title='bbox 1322 2705 1441 2783; x_wconf 89' lang='lat' dir='ltr'><strong>dudum</strong></span> 
     </span>
     <span class='ocr_line' id='line_1_21' title="bbox 221 2809 1438 2894; baseline 0.002 -18"><span class='ocrx_word' id='word_1_158' title='bbox 221 2811 358 2878; x_wconf 83' lang='lat' dir='ltr'><strong>reduxit.</strong></span> <span class='ocrx_word' id='word_1_159' title='bbox 410 2809 551 2892; x_wconf 83' lang='lat' dir='ltr'><strong>Cumque</strong></span> <span class='ocrx_word' id='word_1_160' title='bbox 579 2809 678 2876; x_wconf 92' lang='lat' dir='ltr'><strong>etiam</strong></span> <span class='ocrx_word' id='word_1_161' title='bbox 707 2812 792 2892; x_wconf 86' lang='lat' dir='ltr'><strong>apud</strong></span> <span class='ocrx_word' id='word_1_162' title='bbox 816 2810 1015 2876; x_wconf 83' lang='lat' dir='ltr'><strong>Athenaeum</strong></span> <span class='ocrx_word' id='word_1_163' title='bbox 1043 2827 1140 2891; x_wconf 86' lang='lat' dir='ltr'><strong>saepe</strong></span> <span class='ocrx_word' id='word_1_164' title='bbox 1168 2810 1252 2876; x_wconf 93' lang='lat' dir='ltr'><strong>idem</strong></span> <span class='ocrx_word' id='word_1_165' title='bbox 1283 2817 1438 2894; x_wconf 83' lang='lat' dir='ltr'><strong>occurrat,</strong></span> 
     </span>
     <span class='ocr_line' id='line_1_22' title="bbox 221 2913 1440 3002; baseline 0.001 -18"><span class='ocrx_word' id='word_1_166' title='bbox 221 2937 274 2984; x_wconf 91' lang='lat' dir='ltr'><strong>res</strong></span> <span class='ocrx_word' id='word_1_167' title='bbox 298 2918 497 2984; x_wconf 86' lang='lat' dir='ltr'><strong>dubitatione</strong></span> <span class='ocrx_word' id='word_1_168' title='bbox 521 2922 668 2999; x_wconf 86' lang='lat' dir='ltr'><strong>exempta</strong></span> <span class='ocrx_word' id='word_1_169' title='bbox 676 2913 725 3002; x_wconf 81' lang='lat'><strong>³⁹).</strong></span> <span class='ocrx_word' id='word_1_170' title='bbox 772 2918 820 2982; x_wconf 90' lang='lat' dir='ltr'><strong>De</strong></span> <span class='ocrx_word' id='word_1_171' title='bbox 844 2922 1022 2982; x_wconf 89' lang='lat' dir='ltr'><strong>ceterorum</strong></span> <span class='ocrx_word' id='word_1_172' title='bbox 1047 2916 1187 2982; x_wconf 92' lang='lat' dir='ltr'><strong>indicum</strong></span> <span class='ocrx_word' id='word_1_173' title='bbox 1210 2919 1440 3000; x_wconf 85' lang='lat' dir='ltr'><strong>compositione</strong></span> 
     </span>
    </p>
   </div>
   <div class='ocr_carea' id='block_1_6' title="bbox 222 3035 433 3046">
    <p class='ocr_par' dir='ltr' id='par_1_6' title="bbox 222 3035 433 3046">
     <span class='ocr_line' id='line_1_23' title="bbox 222 3035 433 3046; baseline -0.009 0"><span class='ocrx_word' id='word_1_174' title='bbox 222 3035 433 3046; x_wconf 79' lang='grc'><strong>,-..---</strong></span> 
     </span>
    </p>
   </div>
   <div class='ocr_carea' id='block_1_7' title="bbox 218 3091 1441 4511">
    <p class='ocr_par' dir='ltr' id='par_1_7' title="bbox 220 3091 1441 3435">
     <span class='ocr_line' id='line_1_24' title="bbox 293 3091 1441 3172; baseline 0.002 -24"><span class='ocrx_word' id='word_1_175' title='bbox 293 3093 331 3165; x_wconf 74' lang='lat'><strong>³⁸)</strong></span> <span class='ocrx_word' id='word_1_176' title='bbox 350 3093 442 3150; x_wconf 85' lang='lat' dir='ltr'><strong>Schol.</strong></span> <span class='ocrx_word' id='word_1_177' title='bbox 461 3094 496 3149; x_wconf 84' lang='lat' dir='ltr'><strong>ed</strong></span> <span class='ocrx_word' id='word_1_178' title='bbox 514 3094 611 3162; x_wconf 85' lang='lat' dir='ltr'><strong>Eurip.</strong></span> <span class='ocrx_word' id='word_1_179' title='bbox 630 3093 702 3148; x_wconf 87' lang='lat' dir='ltr'><strong>Med.</strong></span> <span class='ocrx_word' id='word_1_180' title='bbox 722 3095 773 3148; x_wconf 76' lang='lat'><strong>827</strong></span> <span class='ocrx_word' id='word_1_181' title='bbox 792 3093 838 3148; x_wconf 75' lang='grc' dir='ltr'><strong><em>τοῦ</em></strong></span> <span class='ocrx_word' id='word_1_182' title='bbox 856 3093 937 3147; x_wconf 80' lang='grc' dir='ltr'><strong><em>καλοῦ</em></strong></span> <span class='ocrx_word' id='word_1_183' title='bbox 955 3091 1089 3164; x_wconf 67' lang='lat' dir='ltr'><strong>Kerouaria]</strong></span> <span class='ocrx_word' id='word_1_184' title='bbox 1112 3093 1162 3147; x_wconf 77' lang='grc' dir='ltr'><strong>νῦν</strong></span> <span class='ocrx_word' id='word_1_185' title='bbox 1183 3093 1232 3148; x_wconf 70' lang='lat' dir='ltr'><strong>cori</strong></span> <span class='ocrx_word' id='word_1_186' title='bbox 1249 3097 1276 3148; x_wconf 75' lang='lat' dir='ltr'><strong>iv</strong></span> <span class='ocrx_word' id='word_1_187' title='bbox 1300 3096 1330 3168; x_wconf 74' lang='grc' dir='ltr'><strong>τῇ</strong></span> <span class='ocrx_word' id='word_1_188' title='bbox 1343 3095 1441 3172; x_wconf 75' lang='grc' dir='ltr'><strong>Ἀπικῇ</strong></span> 
     </span>
     <span class='ocr_line' id='line_1_25' title="bbox 221 3179 1439 3262; baseline 0.002 -24"><span class='ocrx_word' id='word_1_189' title='bbox 221 3183 397 3262; x_wconf 76' lang='grc' dir='ltr'><strong><em>μνημονεύει·</em></strong></span> <span class='ocrx_word' id='word_1_190' title='bbox 418 3183 472 3238; x_wconf 73' lang='grc' dir='ltr'><strong><em>ἐστὶ</em></strong></span> <span class='ocrx_word' id='word_1_191' title='bbox 489 3184 543 3256; x_wconf 74' lang='grc' dir='ltr'><strong>γὰρ</strong></span> <span class='ocrx_word' id='word_1_192' title='bbox 561 3184 606 3237; x_wconf 81' lang='grc' dir='ltr'><strong>καὶ</strong></span> <span class='ocrx_word' id='word_1_193' title='bbox 624 3184 710 3255; x_wconf 67' lang='grc' dir='ltr'><strong><em>ἕτερος</em></strong></span> <span class='ocrx_word' id='word_1_194' title='bbox 729 3179 874 3256; x_wconf 81' lang='grc' dir='ltr'><strong><em>ὁμώνυμος</em></strong></span> <span class='ocrx_word' id='word_1_195' title='bbox 892 3184 920 3235; x_wconf 78' lang='grc' dir='ltr'><strong><em>ἐν</em></strong></span> <span class='ocrx_word' id='word_1_196' title='bbox 932 3187 1061 3254; x_wconf 73' lang='grc' dir='ltr'><strong><em>Βοιωτίᾳ·</em></strong></span> <span class='ocrx_word' id='word_1_197' title='bbox 1089 3185 1141 3236; x_wconf 80' lang='grc' dir='ltr'><strong>εἰσί</strong></span> <span class='ocrx_word' id='word_1_198' title='bbox 1160 3183 1189 3236; x_wconf 72' lang='grc' dir='ltr'><strong>δὲ</strong></span> <span class='ocrx_word' id='word_1_199' title='bbox 1201 3183 1247 3236; x_wconf 81' lang='grc' dir='ltr'><strong>καὶ</strong></span> <span class='ocrx_word' id='word_1_200' title='bbox 1265 3183 1346 3256; x_wconf 74' lang='grc' dir='ltr'><strong><em>ἕτερον</em></strong></span> <span class='ocrx_word' id='word_1_201' title='bbox 1365 3187 1439 3240; x_wconf 83' lang='grc' dir='ltr'><strong><em>καθά</em></strong></span> 
     </span>
     <span class='ocr_line' id='line_1_26' title="bbox 222 3269 1438 3348; baseline 0.002 -19"><span class='ocrx_word' id='word_1_202' title='bbox 222 3295 286 3346; x_wconf 82' lang='grc' dir='ltr'><strong><em>φησι</em></strong></span> <span class='ocrx_word' id='word_1_203' title='bbox 303 3279 462 3346; x_wconf 75' lang='grc' dir='ltr'><strong><em>Πολέμων</em></strong></span> <span class='ocrx_word' id='word_1_204' title='bbox 485 3276 517 3328; x_wconf 78' lang='grc' dir='ltr'><strong><em>ἐν</em></strong></span> <span class='ocrx_word' id='word_1_205' title='bbox 539 3275 578 3345; x_wconf 79' lang='grc' dir='ltr'><strong>τῷ</strong></span> <span class='ocrx_word' id='word_1_206' title='bbox 600 3275 678 3343; x_wconf 80' lang='grc' dir='ltr'><strong><em>περὶ</em></strong></span> <span class='ocrx_word' id='word_1_207' title='bbox 702 3273 859 3345; x_wconf 82' lang='grc' dir='ltr'><strong><em>ποταμῶν</em></strong></span> <span class='ocrx_word' id='word_1_208' title='bbox 882 3269 998 3344; x_wconf 80' lang='grc' dir='ltr'><strong><em>γράφων</em></strong></span> <span class='ocrx_word' id='word_1_209' title='bbox 1017 3269 1106 3332; x_wconf 71' lang='grc' dir='ltr'><strong><em>οὕτως·</em></strong></span> <span class='ocrx_word' id='word_1_210' title='bbox 1129 3271 1298 3341; x_wconf 71' lang='grc' dir='ltr'><strong><em>ἔν’Λθὴνησι</em></strong></span> <span class='ocrx_word' id='word_1_211' title='bbox 1316 3277 1438 3348; x_wconf 70' lang='grc' dir='ltr'><strong><em>Κηφισὸς</em></strong></span> 
     </span>
     <span class='ocr_line' id='line_1_27' title="bbox 220 3361 1330 3435; baseline 0.002 -17"><span class='ocrx_word' id='word_1_212' title='bbox 220 3367 268 3419; x_wconf 74' lang='grc' dir='ltr'><strong>καὶ</strong></span> <span class='ocrx_word' id='word_1_213' title='bbox 285 3369 314 3419; x_wconf 71' lang='grc' dir='ltr'><strong><em>ἐν</em></strong></span> <span class='ocrx_word' id='word_1_214' title='bbox 331 3365 448 3419; x_wconf 79' lang='grc' dir='ltr'><strong><em>Σικυῶνι</em></strong></span> <span class='ocrx_word' id='word_1_215' title='bbox 464 3367 511 3418; x_wconf 78' lang='lat' dir='ltr'><strong>rot</strong></span> <span class='ocrx_word' id='word_1_216' title='bbox 528 3367 558 3418; x_wconf 73' lang='lat' dir='ltr'><strong>iv</strong></span> <span class='ocrx_word' id='word_1_217' title='bbox 570 3363 657 3435; x_wconf 77' lang='grc' dir='ltr'><strong><em>’Ἀργει</em></strong></span> <span class='ocrx_word' id='word_1_218' title='bbox 674 3401 742 3416; x_wconf 90' lang='grc'><strong>....</strong></span> <span class='ocrx_word' id='word_1_219' title='bbox 761 3362 865 3434; x_wconf 78' lang='lat' dir='ltr'><strong>[cetere</strong></span> <span class='ocrx_word' id='word_1_220' title='bbox 885 3361 1018 3416; x_wconf 73' lang='lat' dir='ltr'><strong>excidere.</strong></span> <span class='ocrx_word' id='word_1_221' title='bbox 1038 3361 1072 3415; x_wconf 79' lang='lat' dir='ltr'><strong>ei.</strong></span> <span class='ocrx_word' id='word_1_222' title='bbox 1091 3361 1195 3416; x_wconf 85' lang='lat' dir='ltr'><strong>Preller</strong></span> <span class='ocrx_word' id='word_1_223' title='bbox 1212 3379 1239 3431; x_wconf 83' lang='lat' dir='ltr'><strong>p.</strong></span> <span class='ocrx_word' id='word_1_224' title='bbox 1261 3365 1330 3434; x_wconf 74' lang='lat'><strong>1261.</strong></span> 
     </span>
    </p>

    <p class='ocr_par' dir='ltr' id='par_1_8' title="bbox 218 3449 1439 4511">
     <span class='ocr_line' id='line_1_28' title="bbox 291 3449 1439 3529; baseline 0.002 -20"><span class='ocrx_word' id='word_1_225' title='bbox 291 3451 330 3523; x_wconf 73' lang='grc'><strong>39)</strong></span> <span class='ocrx_word' id='word_1_226' title='bbox 348 3453 438 3510; x_wconf 88' lang='lat' dir='ltr'><strong>Unum</strong></span> <span class='ocrx_word' id='word_1_227' title='bbox 461 3469 515 3508; x_wconf 93' lang='lat' dir='ltr'><strong>non</strong></span> <span class='ocrx_word' id='word_1_228' title='bbox 538 3452 606 3506; x_wconf 84' lang='lat' dir='ltr'><strong>duos</strong></span> <span class='ocrx_word' id='word_1_229' title='bbox 628 3450 714 3506; x_wconf 85' lang='lat' dir='ltr'><strong>inissa</strong></span> <span class='ocrx_word' id='word_1_230' title='bbox 741 3451 773 3506; x_wconf 85' lang='grc' dir='ltr'><strong>Ρ.</strong></span> <span class='ocrx_word' id='word_1_231' title='bbox 794 3449 913 3506; x_wconf 79' lang='lat' dir='ltr'><strong>artifices</strong></span> <span class='ocrx_word' id='word_1_232' title='bbox 939 3465 981 3505; x_wconf 88' lang='lat' dir='ltr'><strong>me</strong></span> <span class='ocrx_word' id='word_1_233' title='bbox 1009 3450 1235 3506; x_wconf 83' lang='lat' dir='ltr'><strong>Wilamorritaius</strong></span> <span class='ocrx_word' id='word_1_234' title='bbox 1258 3454 1369 3510; x_wconf 85' lang='lat' dir='ltr'><strong>edocuit</strong></span> <span class='ocrx_word' id='word_1_235' title='bbox 1392 3457 1439 3529; x_wconf 82' lang='lat' dir='ltr'><strong>[oi.</strong></span> 
     </span>
     <span class='ocr_line' id='line_1_29' title="bbox 222 3540 1438 3612; baseline 0.004 -14"><span class='ocrx_word' id='word_1_236' title='bbox 222 3543 332 3598; x_wconf 86' lang='lat' dir='ltr'><strong>Curtiut</strong></span> <span class='ocrx_word' id='word_1_237' title='bbox 359 3543 433 3600; x_wconf 84' lang='lat' dir='ltr'><strong>areh.</strong></span> <span class='ocrx_word' id='word_1_238' title='bbox 460 3542 574 3612; x_wconf 87' lang='lat' dir='ltr'><strong>zeitung</strong></span> <span class='ocrx_word' id='word_1_239' title='bbox 597 3541 716 3596; x_wconf 84' lang='lat' dir='ltr'>XXXVI</span> <span class='ocrx_word' id='word_1_240' title='bbox 738 3541 831 3610; x_wconf 82' lang='lat'>(1878)</span> <span class='ocrx_word' id='word_1_241' title='bbox 853 3558 879 3610; x_wconf 86' lang='lat' dir='ltr'><strong>p.</strong></span> <span class='ocrx_word' id='word_1_242' title='bbox 903 3542 938 3596; x_wconf 75' lang='lat'><strong>82</strong></span> <span class='ocrx_word' id='word_1_243' title='bbox 961 3541 1024 3610; x_wconf 87' lang='lat' dir='ltr'><strong>sq.].</strong></span> <span class='ocrx_word' id='word_1_244' title='bbox 1065 3540 1179 3596; x_wconf 85' lang='lat' dir='ltr'><strong>Erravit</strong></span> <span class='ocrx_word' id='word_1_245' title='bbox 1206 3540 1290 3611; x_wconf 81' lang='lat' dir='ltr'><strong>igitur</strong></span> <span class='ocrx_word' id='word_1_246' title='bbox 1317 3544 1438 3602; x_wconf 90' lang='lat' dir='ltr'><strong>Polemo.</strong></span> 
     </span>
     <span class='ocr_line' id='line_1_30' title="bbox 222 3627 1438 3703; baseline 0.003 -15"><span class='ocrx_word' id='word_1_247' title='bbox 222 3633 328 3688; x_wconf 86' lang='lat' dir='ltr'><strong>Samius</strong></span> <span class='ocrx_word' id='word_1_248' title='bbox 347 3633 375 3687; x_wconf 93' lang='lat' dir='ltr'><strong>in</strong></span> <span class='ocrx_word' id='word_1_249' title='bbox 393 3632 473 3686; x_wconf 92' lang='lat' dir='ltr'><strong>titulo</strong></span> <span class='ocrx_word' id='word_1_250' title='bbox 493 3631 650 3702; x_wconf 82' lang='lat' dir='ltr'><strong>olympiaco</strong></span> <span class='ocrx_word' id='word_1_251' title='bbox 670 3630 790 3684; x_wconf 88' lang='lat' dir='ltr'><strong>occurrit</strong></span> <span class='ocrx_word' id='word_1_252' title='bbox 811 3629 858 3699; x_wconf 84' lang='lat' dir='ltr'><strong>[ci.</strong></span> <span class='ocrx_word' id='word_1_253' title='bbox 878 3629 1002 3683; x_wconf 83' lang='lat' dir='ltr'><strong>Curtium</strong></span> <span class='ocrx_word' id='word_1_254' title='bbox 1020 3628 1078 3700; x_wconf 91' lang='lat' dir='ltr'><strong>ib.].</strong></span> <span class='ocrx_word' id='word_1_255' title='bbox 1097 3659 1130 3668; x_wconf 94' lang='lat'>-</span> <span class='ocrx_word' id='word_1_256' title='bbox 1152 3627 1340 3700; x_wconf 77' lang='lat' dir='ltr'><strong>Furtwengler</strong></span> <span class='ocrx_word' id='word_1_257' title='bbox 1357 3651 1384 3703; x_wconf 84' lang='lat' dir='ltr'><strong>p.</strong></span> <span class='ocrx_word' id='word_1_258' title='bbox 1403 3638 1438 3692; x_wconf 83' lang='lat'><strong>70</strong></span> 
     </span>
     <span class='ocr_line' id='line_1_31' title="bbox 220 3717 1438 3792; baseline 0.002 -15"><span class='ocrx_word' id='word_1_259' title='bbox 220 3740 274 3777; x_wconf 93' lang='lat' dir='ltr'><strong>non</strong></span> <span class='ocrx_word' id='word_1_260' title='bbox 292 3722 325 3777; x_wconf 92' lang='lat' dir='ltr'><strong>de</strong></span> <span class='ocrx_word' id='word_1_261' title='bbox 344 3721 489 3776; x_wconf 92' lang='lat' dir='ltr'><strong>Polemone</strong></span> <span class='ocrx_word' id='word_1_262' title='bbox 509 3721 557 3776; x_wconf 89' lang='lat' dir='ltr'><strong>sed</strong></span> <span class='ocrx_word' id='word_1_263' title='bbox 574 3718 712 3788; x_wconf 80' lang='lat' dir='ltr'><strong>Antigono</strong></span> <span class='ocrx_word' id='word_1_264' title='bbox 730 3717 852 3774; x_wconf 90' lang='lat' dir='ltr'><strong>hausisse</strong></span> <span class='ocrx_word' id='word_1_265' title='bbox 866 3717 1016 3772; x_wconf 88' lang='lat' dir='ltr'><strong>Varronem</strong></span> <span class='ocrx_word' id='word_1_266' title='bbox 1035 3717 1132 3773; x_wconf 85' lang='lat' dir='ltr'><strong>statuit</strong></span> <span class='ocrx_word' id='word_1_267' title='bbox 1150 3717 1208 3773; x_wconf 86' lang='lat' dir='ltr'><strong>sinc</strong></span> <span class='ocrx_word' id='word_1_268' title='bbox 1227 3734 1316 3790; x_wconf 88' lang='lat' dir='ltr'><strong>causa,</strong></span> <span class='ocrx_word' id='word_1_269' title='bbox 1336 3722 1438 3792; x_wconf 90' lang='lat' dir='ltr'><strong>siquid</strong></span> 
     </span>
     <span class='ocr_line' id='line_1_32' title="bbox 221 3806 1436 3882; baseline 0.003 -17"><span class='ocrx_word' id='word_1_270' title='bbox 221 3811 309 3866; x_wconf 90' lang='lat' dir='ltr'><strong>rideo.</strong></span> <span class='ocrx_word' id='word_1_271' title='bbox 323 3841 356 3850; x_wconf 90' lang='lat'>-</span> <span class='ocrx_word' id='word_1_272' title='bbox 375 3809 419 3864; x_wconf 83' lang='lat' dir='ltr'><strong>Ex</strong></span> <span class='ocrx_word' id='word_1_273' title='bbox 437 3825 466 3864; x_wconf 91' lang='lat' dir='ltr'><strong>re</strong></span> <span class='ocrx_word' id='word_1_274' title='bbox 486 3809 603 3880; x_wconf 87' lang='lat' dir='ltr'><strong>videtur,</strong></span> <span class='ocrx_word' id='word_1_275' title='bbox 623 3815 729 3863; x_wconf 89' lang='lat' dir='ltr'><strong>ceteros</strong></span> <span class='ocrx_word' id='word_1_276' title='bbox 747 3808 969 3878; x_wconf 87' lang='lat' dir='ltr'><strong>homonymorum</strong></span> <span class='ocrx_word' id='word_1_277' title='bbox 981 3806 1085 3862; x_wconf 86' lang='lat' dir='ltr'><strong>indices</strong></span> <span class='ocrx_word' id='word_1_278' title='bbox 1103 3806 1241 3864; x_wconf 88' lang='lat' dir='ltr'><strong>Pliuiauos</strong></span> <span class='ocrx_word' id='word_1_279' title='bbox 1261 3810 1436 3882; x_wconf 85' lang='lat' dir='ltr'><strong>subiungere:</strong></span> 
     </span>
     <span class='ocr_line' id='line_1_33' title="bbox 220 3899 1437 3969; baseline 0.002 -19"><span class='ocrx_word' id='word_1_280' title='bbox 220 3899 339 3954; x_wconf 86' lang='lat' dir='ltr'>XXXIV</span> <span class='ocrx_word' id='word_1_281' title='bbox 357 3901 382 3968; x_wconf 83' lang='lat'><strong>8,</strong></span> <span class='ocrx_word' id='word_1_282' title='bbox 402 3901 435 3954; x_wconf 78' lang='lat'><strong>27</strong></span> <span class='ocrx_word' id='word_1_283' title='bbox 460 3899 670 3965; x_wconf 77' lang='lat' dir='ltr'><strong>Cephisodoti</strong></span> <span class='ocrx_word' id='word_1_284' title='bbox 684 3903 735 3950; x_wconf 88' lang='lat' dir='ltr'><strong>duo</strong></span> <span class='ocrx_word' id='word_1_285' title='bbox 749 3901 850 3969; x_wconf 68' lang='lat' dir='ltr'><strong>suem</strong></span> <span class='ocrx_word' id='word_1_286' title='bbox 867 3901 999 3964; x_wconf 83' lang='lat' dir='ltr'><strong>prioris</strong></span> <span class='ocrx_word' id='word_1_287' title='bbox 1019 3905 1058 3949; x_wconf 83' lang='lat' dir='ltr'><strong>est</strong></span> <span class='ocrx_word' id='word_1_288' title='bbox 1075 3899 1227 3951; x_wconf 84' lang='lat' dir='ltr'><strong>Mercurius</strong></span> <span class='ocrx_word' id='word_1_289' title='bbox 1244 3901 1368 3952; x_wconf 73' lang='lat' dir='ltr'><strong>Liberum</strong></span> <span class='ocrx_word' id='word_1_290' title='bbox 1388 3912 1437 3969; x_wconf 81' lang='lat' dir='ltr'><strong>po·</strong></span> 
     </span>
     <span class='ocr_line' id='line_1_34' title="bbox 220 3991 1437 4060; baseline 0.002 -16"><span class='ocrx_word' id='word_1_291' title='bbox 220 4001 287 4044; x_wconf 79' lang='lat' dir='ltr'><strong>trem</strong></span> <span class='ocrx_word' id='word_1_292' title='bbox 307 3995 334 4042; x_wconf 86' lang='lat' dir='ltr'><strong>in</strong></span> <span class='ocrx_word' id='word_1_293' title='bbox 352 3992 467 4060; x_wconf 66' lang='lat' dir='ltr'><strong>casanae</strong></span> <span class='ocrx_word' id='word_1_294' title='bbox 484 3994 622 4047; x_wconf 52' lang='lat' dir='ltr'><strong>nutrieram·</strong></span> <span class='ocrx_word' id='word_1_295' title='bbox 631 3992 701 4058; x_wconf 83' lang='lat' dir='ltr'><strong>fecit</strong></span> <span class='ocrx_word' id='word_1_296' title='bbox 718 3997 745 4041; x_wconf 82' lang='lat' dir='ltr'><strong>et</strong></span> <span class='ocrx_word' id='word_1_297' title='bbox 760 3994 943 4040; x_wconf 73' lang='lat' dir='ltr'><strong>conternantem</strong></span> <span class='ocrx_word' id='word_1_298' title='bbox 967 4005 1047 4040; x_wconf 82' lang='lat' dir='ltr'><strong>manu</strong></span> <span class='ocrx_word' id='word_1_299' title='bbox 1071 3991 1148 4050; x_wconf 79' lang='lat' dir='ltr'><strong>clete,</strong></span> <span class='ocrx_word' id='word_1_300' title='bbox 1161 3998 1277 4054; x_wconf 79' lang='lat' dir='ltr'><strong>persona</strong></span> <span class='ocrx_word' id='word_1_301' title='bbox 1294 3995 1322 4042; x_wconf 83' lang='lat' dir='ltr'><strong>in</strong></span> <span class='ocrx_word' id='word_1_302' title='bbox 1340 3996 1437 4048; x_wconf 72' lang='lat' dir='ltr'><strong>zhrerto</strong></span> 
     </span>
     <span class='ocr_line' id='line_1_35' title="bbox 221 4077 1436 4149; baseline 0.002 -17"><span class='ocrx_word' id='word_1_303' title='bbox 221 4089 266 4132; x_wconf 83' lang='lat' dir='ltr'><strong>est.</strong></span> <span class='ocrx_word' id='word_1_304' title='bbox 304 4083 450 4146; x_wconf 84' lang='lat' dir='ltr'><strong>Sequens</strong></span> <span class='ocrx_word' id='word_1_305' title='bbox 467 4082 632 4146; x_wconf 72' lang='lat' dir='ltr'><strong>philosophos</strong></span> <span class='ocrx_word' id='word_1_306' title='bbox 646 4081 722 4149; x_wconf 77' lang='lat' dir='ltr'><strong>secti.</strong></span> <span class='ocrx_word' id='word_1_307' title='bbox 741 4109 775 4116; x_wconf 99' lang='lat'><strong>—</strong></span> <span class='ocrx_word' id='word_1_308' title='bbox 793 4077 897 4132; x_wconf 88' lang='lat' dir='ltr'>XXXV</span> <span class='ocrx_word' id='word_1_309' title='bbox 917 4079 941 4146; x_wconf 85' lang='grc'><strong>9,</strong></span> <span class='ocrx_word' id='word_1_310' title='bbox 960 4078 994 4133; x_wconf 82' lang='grc'><strong>35</strong></span> <span class='ocrx_word' id='word_1_311' title='bbox 1011 4081 1073 4149; x_wconf 72' lang='lat' dir='ltr'><strong>suri</strong></span> <span class='ocrx_word' id='word_1_312' title='bbox 1089 4087 1115 4130; x_wconf 87' lang='lat' dir='ltr'><strong>et</strong></span> <span class='ocrx_word' id='word_1_313' title='bbox 1130 4082 1201 4130; x_wconf 84' lang='lat' dir='ltr'><strong>clius</strong></span> <span class='ocrx_word' id='word_1_314' title='bbox 1219 4081 1303 4132; x_wconf 83' lang='grc' dir='ltr'><strong><em>Μίτο</em></strong></span> <span class='ocrx_word' id='word_1_315' title='bbox 1326 4086 1375 4148; x_wconf 84' lang='lat' dir='ltr'><strong>qui</strong></span> <span class='ocrx_word' id='word_1_316' title='bbox 1390 4089 1436 4135; x_wconf 86' lang='lat' dir='ltr'><strong>mi·</strong></span> 
     </span>
     <span class='ocr_line' id='line_1_36' title="bbox 221 4167 1434 4238; baseline 0.004 -17"><span class='ocrx_word' id='word_1_317' title='bbox 221 4173 293 4222; x_wconf 73' lang='grc' dir='ltr'><strong><em>τιονίο</em></strong></span> <span class='ocrx_word' id='word_1_318' title='bbox 310 4173 461 4236; x_wconf 75' lang='lat' dir='ltr'><strong>cognomine</strong></span> <span class='ocrx_word' id='word_1_319' title='bbox 479 4173 660 4235; x_wconf 74' lang='lat' dir='ltr'><strong>daitrbguitur,</strong></span> <span class='ocrx_word' id='word_1_320' title='bbox 678 4172 752 4220; x_wconf 79' lang='lat' dir='ltr'><strong>eurico</strong></span> <span class='ocrx_word' id='word_1_321' title='bbox 766 4171 831 4236; x_wconf 83' lang='lat' dir='ltr'><strong>filia</strong></span> <span class='ocrx_word' id='word_1_322' title='bbox 854 4170 981 4220; x_wconf 72' lang='grc' dir='ltr'><strong><em>Τιὐιανιτο</em></strong></span> <span class='ocrx_word' id='word_1_323' title='bbox 1001 4176 1027 4220; x_wconf 87' lang='lat' dir='ltr'><strong>et</strong></span> <span class='ocrx_word' id='word_1_324' title='bbox 1043 4173 1100 4234; x_wconf 78' lang='lat' dir='ltr'><strong>ipsa</strong></span> <span class='ocrx_word' id='word_1_325' title='bbox 1118 4172 1207 4235; x_wconf 60' lang='lat' dir='ltr'><strong>aaut</strong></span> <span class='ocrx_word' id='word_1_326' title='bbox 1224 4167 1332 4238; x_wconf 81' lang='lat' dir='ltr'><strong>[contra</strong></span> <span class='ocrx_word' id='word_1_327' title='bbox 1350 4171 1434 4229; x_wconf 81' lang='lat' dir='ltr'><strong>schol.</strong></span> 
     </span>
     <span class='ocr_line' id='line_1_37' title="bbox 218 4248 1435 4328; baseline 0.003 -16"><span class='ocrx_word' id='word_1_328' title='bbox 218 4248 250 4312; x_wconf 89' lang='lat' dir='ltr'><strong>in</strong></span> <span class='ocrx_word' id='word_1_329' title='bbox 272 4257 414 4327; x_wconf 84' lang='lat' dir='ltr'><strong>Aristoph.</strong></span> <span class='ocrx_word' id='word_1_330' title='bbox 437 4258 553 4328; x_wconf 81' lang='lat' dir='ltr'><strong>Lysistr.</strong></span> <span class='ocrx_word' id='word_1_331' title='bbox 578 4259 642 4313; x_wconf 82' lang='lat'><strong>679:</strong></span> <span class='ocrx_word' id='word_1_332' title='bbox 670 4260 692 4312; x_wconf 94' lang='lat'><strong>1.</strong></span> <span class='ocrx_word' id='word_1_333' title='bbox 714 4255 788 4313; x_wconf 87' lang='lat' dir='ltr'><strong>Mica</strong></span> <span class='ocrx_word' id='word_1_334' title='bbox 809 4257 906 4326; x_wconf 86' lang='lat' dir='ltr'><strong>pictor.</strong></span> <span class='ocrx_word' id='word_1_335' title='bbox 928 4260 1022 4328; x_wconf 77' lang='grc' dir='ltr'><strong><em>γέγονε</em></strong></span> <span class='ocrx_word' id='word_1_336' title='bbox 1045 4258 1074 4311; x_wconf 75' lang='grc' dir='ltr'><strong>δὲ</strong></span> <span class='ocrx_word' id='word_1_337' title='bbox 1097 4260 1144 4312; x_wconf 78' lang='grc' dir='ltr'><strong>καὶ</strong></span> <span class='ocrx_word' id='word_1_338' title='bbox 1170 4257 1255 4328; x_wconf 74' lang='grc' dir='ltr'><strong><em>ἕτερος</em></strong></span> <span class='ocrx_word' id='word_1_339' title='bbox 1277 4264 1375 4314; x_wconf 68' lang='grc' dir='ltr'><strong><em>Μίκων</em></strong></span> <span class='ocrx_word' id='word_1_340' title='bbox 1397 4267 1435 4324; x_wconf 70' lang='grc' dir='ltr'><strong>εἰς</strong></span> 
     </span>
     <span class='ocr_line' id='line_1_38' title="bbox 220 4345 1433 4420; baseline 0.005 -18"><span class='ocrx_word' id='word_1_341' title='bbox 220 4352 315 4402; x_wconf 76' lang='grc' dir='ltr'><strong><em>πενίαν</em></strong></span> <span class='ocrx_word' id='word_1_342' title='bbox 338 4346 572 4420; x_wconf 74' lang='grc' dir='ltr'><strong><em>κομῳδουμενος].</em></strong></span> <span class='ocrx_word' id='word_1_343' title='bbox 596 4377 630 4386; x_wconf 80' lang='grc'>-</span> <span class='ocrx_word' id='word_1_344' title='bbox 654 4345 807 4401; x_wconf 77' lang='lat' dir='ltr'><strong>Consimilis</strong></span> <span class='ocrx_word' id='word_1_345' title='bbox 827 4346 897 4402; x_wconf 88' lang='lat' dir='ltr'><strong>ratio</strong></span> <span class='ocrx_word' id='word_1_346' title='bbox 920 4346 1084 4402; x_wconf 81' lang='lat' dir='ltr'><strong>Clausorum</strong></span> <span class='ocrx_word' id='word_1_347' title='bbox 1104 4347 1196 4416; x_wconf 85' lang='lat' dir='ltr'><strong>Steph.</strong></span> <span class='ocrx_word' id='word_1_348' title='bbox 1215 4347 1281 4418; x_wconf 82' lang='lat' dir='ltr'><strong>Byr.</strong></span> <span class='ocrx_word' id='word_1_349' title='bbox 1299 4365 1320 4404; x_wconf 90' lang='lat' dir='ltr'><strong>s.</strong></span> <span class='ocrx_word' id='word_1_350' title='bbox 1340 4368 1366 4406; x_wconf 83' lang='lat' dir='ltr'><strong>r.</strong></span> <span class='ocrx_word' id='word_1_351' title='bbox 1385 4358 1433 4408; x_wconf 79' lang='lat' dir='ltr'><strong>Ai-</strong></span> 
     </span>
     <span class='ocr_line' id='line_1_39' title="bbox 220 4430 1433 4511; baseline 0.006 -19"><span class='ocrx_word' id='word_1_352' title='bbox 220 4435 297 4510; x_wconf 59' lang='lat' dir='ltr'><strong>oica.</strong></span> <span class='ocrx_word' id='word_1_353' title='bbox 311 4476 318 4490; x_wconf 91' lang='lat'><strong>.</strong></span> <span class='ocrx_word' id='word_1_354' title='bbox 331 4475 358 4492; x_wconf 88' lang='lat'><strong>..</strong></span> <span class='ocrx_word' id='word_1_355' title='bbox 384 4436 432 4509; x_wconf 77' lang='grc' dir='ltr'><strong>ἀφ’</strong></span> <span class='ocrx_word' id='word_1_356' title='bbox 457 4430 486 4503; x_wconf 75' lang='grc' dir='ltr'><strong>ἧς</strong></span> <span class='ocrx_word' id='word_1_357' title='bbox 508 4432 539 4504; x_wconf 76' lang='grc' dir='ltr'><strong><em>ἦν</em></strong></span> <span class='ocrx_word' id='word_1_358' title='bbox 562 4434 576 4492; x_wconf 82' lang='grc' dir='ltr'><strong><em>ὃ</em></strong></span> <span class='ocrx_word' id='word_1_359' title='bbox 599 4438 715 4500; x_wconf 80' lang='grc' dir='ltr'><strong><em>Γλαῦκος</em></strong></span> <span class='ocrx_word' id='word_1_360' title='bbox 738 4441 775 4500; x_wconf 70' lang='grc' dir='ltr'><strong>τίς</strong></span> <span class='ocrx_word' id='word_1_361' title='bbox 797 4438 849 4490; x_wconf 79' lang='grc' dir='ltr'><strong><em>τῶν</em></strong></span> <span class='ocrx_word' id='word_1_362' title='bbox 870 4435 915 4504; x_wconf 72' lang='grc' dir='ltr'><strong><em>τὴν</em></strong></span> <span class='ocrx_word' id='word_1_363' title='bbox 938 4436 1059 4504; x_wconf 80' lang='grc' dir='ltr'><strong><em>κόλλησιν</em></strong></span> <span class='ocrx_word' id='word_1_364' title='bbox 1082 4437 1190 4511; x_wconf 71' lang='grc' dir='ltr'><strong><em>σιδήρου</em></strong></span> <span class='ocrx_word' id='word_1_365' title='bbox 1210 4436 1353 4511; x_wconf 75' lang='grc' dir='ltr'><strong><em>εὑρόντων·</em></strong></span> <span class='ocrx_word' id='word_1_366' title='bbox 1375 4440 1433 4500; x_wconf 71' lang='lat' dir='ltr'><strong>doio</strong></span> 
     </span>
    </p>
   </div>
   <div class='ocr_carea' id='block_1_8' title="bbox 0 0 1762 5272">
    <p class='ocr_par' dir='ltr' id='par_1_9' title="bbox 0 0 1762 5272">
     <span class='ocr_line' id='line_1_40' title="bbox 0 0 1762 5272; baseline 0 2"><span class='ocrx_word' id='word_1_367' title='bbox 0 0 1762 5272; x_wconf 95' lang='lat' dir='ltr'><strong> </strong></span> 
     </span>
    </p>
   </div>
  </div>
 </body>
</html>
