3516 5272
682 1434 714 1499 Ι.
750 1433 802 1502 De
825 1433 951 1503 Diocle
974 1435 1148 1518 llagneto.

389 1612 564 1684 ductorum
581 1629 660 1693 quos
676 1611 853 1676 nominavit
868 1611 1079 1692 paucissimos
1109 1609 1288 1694 inspexisse
1305 1616 1410 1696 ipsum
1428 1615 1522 1682 Lacr-

301 1721 381 1784 tium
416 1737 487 1784 cum
509 1717 604 1783 facile
628 1723 808 1784 ceterorum
832 1719 987 1783 eiusmodi
1011 1719 1165 1785 librorum
1191 1723 1430 1802 comparatione
1455 1739 1525 1788 con·

301 1830 377 1906 stat,
403 1826 441 1890 de
466 1844 530 1908 qua
551 1824 686 1890 inferius
716 1825 884 1890 dicendum
916 1830 981 1905 est,
1013 1831 1081 1892 tum
1112 1829 1219 1910 ampla
1249 1831 1524 1910 argumentatione

302 1933 502 1999 Bahnschius
532 1931 740 1998 confirmavit.
792 1933 914 1998 Dioclis
942 1933 1103 2016 Magnetis
1133 1933 1308 2021 ἐπιδρομὴν
1343 1931 1527 2022 φιλοσόφων

300 2023 370 2124 ipse
399 2042 566 2123 idque-
594 2044 752 2122 quatenus
787 2041 890 2106 adhuc
926 2042 1087 2122 cognitum
1119 2047 1170 2107 est
1200 2080 1237 2088 —
1269 2045 1356 2110 solus
1391 2051 1424 2110 et
1446 2044 1527 2125 legit

302 2154 336 2214 et
360 2148 536 2229 excerpsit
575 2147 625 2211 Ad
647 2146 779 2211 verbum
804 2148 887 2211 enim
912 2166 950 2212 ex
972 2147 1085 2213 Diocle
1113 2167 1183 2213 cum
1212 2150 1290 2219 alibi
1313 2149 1430 2218 fatetur
1458 2155 1526 2215 tum

301 2257 334 2320 in
365 2253 501 2320 Zenonis
530 2254 596 2320 vita
620 2253 680 2318 VH
703 2255 745 2318 48
774 2254 952 2335 longiorem
981 2256 1020 2320 de
1045 2255 1223 2321 Stoicorum
1253 2258 1390 2324 decretis
1418 2257 1526 2338 dispu-

301 2363 456 2428 tationem
482 2380 516 2426 se
545 2359 851 2446 transscripsisse²).
900 2363 992 2427 Hunc
1020 2364 1119 2445 igitur
1146 2364 1290 2430 Dioclem
1319 2364 1525 2430 Niatzscheus

301 2469 456 2551 Diogenis
479 2469 687 2550 praecipuum
709 2467 809 2534 fuisse
838 2474 1000 2534 auctorem
1031 2471 1268 2537 demonstrasse
1298 2472 1357 2536 sihi
1383 2471 1524 2536 videtur:

302 2578 378 2641 inde
402 2573 532 2641 fluxisse
556 2577 718 2657 ingentem
742 2577 830 2641 illam
854 2576 975 2642 Laertii
1004 2578 1182 2643 doctrinam
1210 2580 1375 2662 integram.
1424 2577 1524 2656 Quam

303 2683 495 2748 sententiam
520 2684 548 2748 si
572 2683 643 2765 quis
668 2683 848 2764 expendere
872 2684 959 2763 velit,
985 2684 1015 2747 ei
1039 2684 1236 2749 redeundum
1261 2691 1310 2751 est
1333 2685 1374 2749 ad
1389 2685 1525 2751 Zenonis

301 2793 416 2871 vitam,
448 2810 542 2872 quam
574 2791 783 2856 Nietzscheus
807 2791 899 2873 quusi
935 2789 1152 2856 firmissimum
1184 2790 1422 2856 fundamentum
1452 2792 1525 2856 sub-

304 2899 430 2964 struxit.
484 2899 543 2964 Vll
571 2901 613 2964 38
642 2900 729 2984 κοινῇ
757 2897 792 2962 δὲ
820 2903 892 2982 περὶ
919 2895 1053 2962 πάντων
1087 2904 1151 2963 τῶν
1184 2899 1325 2964 σοωϊκῶν
1360 2897 1526 2982 δογμάτων

303 3005 395 3083 ἔδοξέ
416 3029 472 3088 μοι
495 3003 533 3070 ἐν
555 3010 600 3094 τῷ
619 3003 770 3091 Ζήνωνος
793 3008 895 3071 εἰπεῖν
917 3009 976 3092 βίῳ
999 3005 1055 3069 διὰ
1079 3003 1116 3069 τὸ
1147 3003 1264 3071 τοῦτον
1291 3009 1418 3090 κτίστην
1446 3011 1527 3085 γενέ-

304 3117 385 3176 σθαι
402 3114 456 3196 τῆς
472 3111 636 3197 αἱρέσεως·
661 3111 727 3176 ἐστὶ
742 3116 803 3195 μὲν
819 3109 878 3177 οὖν
891 3112 991 3177 αὐτοῦ
1008 3113 1117 3177 καὶτὰ
1134 3115 1403 3199 προγεγραμμένα
1419 3113 1526 3194 βιβλία

303 3218 423 3299 πολλά,
449 3221 483 3283 ἐν
512 3219 557 3294 οἷς
588 3217 744 3305 ἐλάλησεν
775 3217 816 3294 ὠς
844 3216 948 3295 οὐδεὶς
975 3220 1037 3284 τῶν
1066 3227 1222 3284 στωϊκῶν·
1250 3222 1291 3284 τοὶ
1316 3219 1351 3282 δὲ
1380 3216 1526 3302 δόγματα

190 3310 193 3316 ’
305 3329 420 3401 κοινοῖς
452 3326 519 3389 ἐστι
550 3325 649 3391 τάδε·
685 3327 834 3408 λελέχθω
870 3327 898 3389 δ’
933 3325 987 3390 ἐπὶ
1014 3327 1218 3410 κεφαλαίων,
1249 3324 1354 3408 ὥσπερ
1389 3326 1443 3387 καὶ
1472 3323 1527 3388 ἐπὶ

305 3441 369 3498 τῶν
392 3431 503 3496 ἄλλων
526 3443 632 3500 ποιεῖν
655 3431 826 3517 εἰώθαμεν
853 3434 917 3499 nat.
969 3433 1013 3498 Et
1041 3435 1179 3515 primum
1207 3433 1335 3514 quidem
1359 3431 1399 3495 de
1428 3432 1526 3496 dmar-

307 3543 351 3608 sis
376 3541 459 3623 apud
490 3541 615 3606 Stoicos
643 3541 867 3624 philosophiae
890 3541 1119 3623 partitionibus
1143 3541 1304 3622 disputat,
1334 3554 1463 3622 quarum
1487 3540 1527 3604 de

306 3666 438 3715 numero
456 3667 582 3729 semper
602 3667 743 3714 summus
767 3654 839 3714 erat
862 3667 1043 3714 consensus.
1080 3647 1129 3712 De
1145 3648 1257 3713 ordine
1274 3647 1453 3714 dubitatum
1466 3651 1524 3711 est.

306 3757 459 3821 Diversae
494 3755 593 3836 igitur
624 3754 775 3821 Laertius
810 3756 994 3821 doctissime
1033 3755 1153 3835 repetit
1187 3755 1364 3819 sententias
1395 3738 1527 3820 Zeionis

308 3862 479 3945 Chrysippi
507 3861 697 3927 Archedemi
727 3862 863 3928 Eudemi
889 3861 1046 3940 Phaniae3
1083 3861 1237 3943 Diogenis
1264 3856 1525 3940 Ptolemaetnsis3

308 3968 510 4051 Apollodori;
542 3969 688 4034 Panaetii
713 3974 746 4034 et
769 3969 949 4049 Posidonii;
981 3968 1160 4051 Cleanthis;
1192 3968 1328 4034 Zenonis
1356 3969 1525 4039 Tarsensis.

309 4077 391 4141 Dein
420 4075 557 4158 logicam
587 4075 765 4141 Stoicorum
793 4081 987 4159 pertractat,
1018 4078 1156 4158 primum
1186 4077 1368 4141 summatim
1397 4081 1426 4146 et
1458 4078 1527 4142 sine

309 4184 566 4248 testimoniorum
596 4183 703 4265 copia;
741 4203 804 4266 qua
832 4185 979 4266 exposita
1013 4186 1139 4267 singula
1165 4183 1379 4266 persequitur.
1420 4183 1528 4249 Verba

387 4377 409 4449 2)
429 4378 554 4434 Alterum
574 4378 758 4434 testimonium
778 4377 849 4434 infra
867 4394 901 4433 ex
920 4378 1043 4449 Menippi
1063 4379 1122 4434 rita
1140 4377 1286 4448 proteram.
