3506 5272
316 443 379 508 136

317 622 356 686 13
390 657 427 667 -
454 623 580 686 mortuo
608 617 675 684 filio
699 618 832 684 dixisse:
867 616 957 707 ᾔδειν
979 620 1102 705 θνητὸν
1123 617 1325 706 γεγεννηκώς,
1354 621 1438 687 huno
1462 640 1533 688 oum

314 727 572 793 aNicocreonte
603 725 719 809 cypria
754 725 878 791 malleis
914 727 1178 810 contunderetur,
1213 727 1369 796 clamasse
1404 730 1530 796 ‘tunde‘

315 834 711 927 ‘tunde’y‘llnaxarchum
734 852 798 899 non
820 834 949 900 tundis’.

403 945 433 1008 4.
469 943 626 1009 Demetrii
640 942 789 1008 Phalerei
812 946 937 1007 statuas
960 959 1069 1008 omnes
1092 959 1156 1008 uno
1170 942 1232 1008 dia
1255 960 1325 1010 esse
1348 961 1476 1011 eversas
1493 944 1534 1009 ab

314 1039 563 1117 Atheniensibus
585 1069 617 1131 p.
635 1049 697 1114 523
715 1068 761 1132 sq.
786 1049 864 1115 dicit
887 1053 1006 1115 orator.
1045 1046 1133 1114 Oonf.
1158 1048 1264 1116 Laert.
1288 1049 1317 1117 V
1341 1053 1382 1114 77
1407 1051 1447 1117 de
1470 1055 1534 1116 sta·

314 1164 443 1224 tuarum
478 1156 655 1222 eversione:
696 1159 929 1241 Φαβωρῖνος
958 1156 1002 1221 δέ
1024 1173 1142 1241 φησιν
1165 1155 1208 1223 ἐν
1230 1156 1272 1245 τῇ
1295 1157 1535 1251 παντοδαπῇ

316 1265 466 1353 ἲστορίᾳ
491 1263 583 1328 τοῦτο
606 1262 740 1348 ποιῆσαι
760 1259 1044 1348 τοδςἈθηναίους
1062 1267 1244 1351 Δημητρίου
1259 1264 1464 1340 κελεύσαντος
1479 1266 1535 1332 τοῦ

314 1371 480 1456 βασιλέως.
527 1369 617 1434 Nihil
643 1368 743 1452 igitur
765 1371 902 1453 amplius
925 1370 1028 1437 dicam
1051 1368 1175 1452 flagitia
1197 1370 1370 1438 libidinosa
1394 1371 1535 1440 Socratis

316 1479 356 1544 ab
372 1478 565 1544 Aristoxeno
581 1475 657 1542 ficta
673 1495 755 1560 quae
772 1478 974 1560 stringuntur
988 1497 1019 1559 p.
1039 1477 1102 1542 530
1117 1478 1209 1560 Emp.
1235 1477 1356 1562 [opusc.
1381 1498 1412 1561 p.
1431 1481 1472 1546 27
1488 1479 1534 1565 m]

316 1587 413 1651 etiam
435 1586 469 1650 in
493 1585 663 1666 omnigena
684 1585 821 1650 historia
843 1590 984 1652 tractata
1007 1603 1087 1667 esse,
1112 1587 1146 1652 id
1169 1587 1253 1669 quad
1276 1605 1374 1670 supra
1388 1587 1535 1670 vidimus,

317 1713 387 1760 cum
416 1693 455 1758 de
479 1693 621 1759 Socratis
649 1693 716 1759 uita
746 1693 991 1776 disputaremus
1018 1693 1189 1760 -Unum
1216 1694 1301 1776 quod
1328 1695 1393 1760 iam
1422 1700 1536 1779 sponte

318 1805 544 1884 consequatur,
580 1800 720 1866 breviter
755 1806 894 1884 tangam.
946 1800 1111 1883 Adespota
1144 1807 1366 1868 remanserunt
1398 1803 1537 1870 nobise

315 1909 461 1974 Platonis
494 1909 563 1972 vita
589 1907 764 1972 Laertiana
792 1909 924 1974 crimina
951 1909 985 1974 in
1012 1909 1179 1974 Platonem
1208 1910 1248 1976 ob
1275 1909 1441 1976 libidinem
1464 1929 1537 1977 con·

318 2020 423 2098 gesta:
455 2033 539 2080 nunc
570 2015 651 2080 haec
676 2015 834 2081 Favorino
862 2016 1102 2082 vindicabimus.
1148 2017 1219 2083 Uno
1248 2018 1332 2082 enim
1361 2022 1474 2084 tenore
1502 2018 1537 2082 in

318 2123 463 2188 oratione
487 2140 545 2186 sua
569 2121 773 2189 Corinthiaca
803 2124 945 2205 scripsit:
976 2127 1064 2198 τινας
1085 2122 1148 2209 γὰρ
1171 2119 1257 2191 οὗτοι
1281 2120 1320 2189 οὗ
1343 2121 1537 2208 διαβάλλον-

315 2253 379 2306 τες,·
404 2223 441 2294 οὗ
464 2226 650 2316 Σωκροὶτην;
683 2225 721 2297 οὗ
744 2229 965 2317 Πυθαγόρανς
989 2225 1027 2297 οὗ
1050 2231 1231 2316 utacum
1255 2229 1319 2299 κτλ.
1345 2231 1396 2316 [of.
1421 2231 1537 2315 Empe·

316 2337 400 2403 rium
422 2337 444 2403 l.
462 2336 512 2419 c.].

569 2533 614 2588 11.
641 2531 875 2603 olympiodorus
894 2533 931 2590 οι
949 2533 1116 2591 itineribus
1134 2495 1287 2590 rinconis.

407 2660 653 2742 olympiodorus
677 2658 716 2724 de
739 2659 908 2726 itineribus
923 2659 1068 2726 Platonis
1089 2660 1261 2725 secundum
1276 2659 1489 2744 Porphyrium
1504 2662 1538 2727 in

317 2771 384 2836 vita
407 2769 551 2835 Platonis
579 2767 744 2848 disseruit,
776 2768 809 2832 in
833 2768 1059 2834 commentario
1082 2767 1116 2832 in
1139 2767 1283 2832 Platonis
1307 2766 1461 2850 Gorgiam
1484 2768 1536 2853 [ci.

317 2878 422 2943 Iahnii
453 2896 525 2942 ann.
551 2873 653 2956 suppl.
680 2874 754 2943 XIV
783 2895 814 2957 p.
832 2877 896 2942 392
913 2874 997 2958 sqq]
1031 2878 1162 2957 praeter
1191 2873 1405 2957 Porphyrium
1435 2875 1537 2942 altero

318 3003 396 3050 usus
447 2988 496 3048 est
545 2982 638 3048 libro.
708 2980 872 3048 Contendo
918 2982 1008 3048 illum
1054 2999 1125 3048 esse
1170 2981 1372 3048 Plutarchi
1417 2983 1538 3049 vitam

318 3088 528 3174 Dionisffl).
587 3090 667 3155 Rem
703 3095 823 3156 certam
856 3090 1017 3156 nonnullis
1052 3088 1265 3172 comprobabo
1294 3089 1462 3172 exemplis:
1498 3089 1536 3156 ct

318 3221 349 3283 p.
375 3201 439 3264 393
478 3198 560 3263 med.
601 3191 692 3272 οὗτος
729 3198 768 3262 δὲ
806 3194 826 3262 δ
863 3201 952 3263 Δίων
989 3199 1073 3276 εἶχεν
1110 3193 1258 3282 ἀδελφὴν
1288 3191 1537 3284 Ἀριστομάχην,

318 3304 433 3393 ἥντινα
451 3303 621 3380 Διονύσιος
643 3303 661 3369 ὅ
683 3302 839 3391 τύραννος
860 3307 924 3385 εἶχε
945 3313 1098 3384 γυναῖκα·
1122 3306 1304 3390 Συρακοσία
1328 3301 1356 3367 δ’
1378 3301 1420 3388 ἦν
1443 3302 1538 3392 αὕτη·

319 3417 382 3496 εἶχε
405 3412 441 3477 δὲ
464 3413 518 3476 καὶ
541 3409 654 3499 ἑτέραν
676 3424 814 3492 γυναῖκα
833 3417 998 3498 Λοκρττιν·
1023 3413 1175 3477 τοσοῦτον
1196 3406 1263 3499 χοῖρ
1287 3407 1398 3486 ἄδικός
1420 3435 1467 3487 τις
1488 3406 1539 3498 ἤν,

320 3517 370 3586 ὄτι
398 3519 435 3586 δυ
462 3526 523 3603 μιᾷ
550 3516 651 3606 ἡμέρᾳ
675 3515 736 3584 δύο
763 3529 918 3599 γυναῖκας
940 3518 1051 3605 ἔγημε,
1082 3515 1140 3604 τήν
1167 3541 1201 3584 τε
1218 3515 1455 3607 Ἀριστομάχην
1483 3518 1540 3606 τὴν

321 3773 383 3843 περὶ
405 3771 488 3842 αριστ.
512 3771 564 3823 διδ.
587 3785 614 3839 p.
632 3770 684 3824 411
704 3767 807 3840 Kath,
826 3766 962 3823 Favorino
981 3765 1145 3822 Plutarchus
1163 3769 1223 3840 napi
1240 3767 1285 3822 τοῦ
1302 3767 1406 3839 πρώτου
1424 3771 1541 3842 ψυχροδ.

323 3861 449 3917 Geterum
472 3863 643 3932 ἐφιλοτιμεῖτο
661 3860 707 3914 κατ’
725 3859 801 3926 ζῆλον
819 3863 873 3930 εἶχε
891 3858 958 3928 πρὸς
975 3855 1148 3930 Πλούταρχον
1164 3857 1209 3914 τὸν
1227 3861 1370 3930 Χαιρωνέα
1388 3863 1425 3920 εἰς
1442 3859 1471 3916 τὸ
1489 3861 1541 3916 τῶν

321 3954 530 4022 συνταττομένων
547 3953 658 4020 βιβλίων
676 3948 787 4018 ἄπειρον
806 3948 893 4020 [Suid.
911 3963 932 4004 s.
951 3965 977 4003 v.
995 3947 1174 4019 Φαβωρῖνος].

393 4037 444 4109 14⁸)
462 4038 580 4094 Videtur
598 4037 680 4092 etiam
691 4037 823 4094 Aelianus
841 4038 934 4094 ecdem
953 4039 1011 4094 uita
1022 4038 1188 4094 Plutarchaa
1205 4053 1264 4094 esse
1276 4054 1350 4110 usus,
1369 4039 1445 4095 velut
1462 4039 1497 4095 V.
1506 4041 1541 4096 Η.

322 4130 398 4198 XIII,
420 4133 452 4185 10
472 4129 555 4200 [Plut.
575 4143 598 4181 c.
617 4128 667 4197 ΙΙΙ]
688 4129 804 4198 saepius,
824 4128 1048 4198 quemadmodum
1066 4129 1295 4198 apophthegmata
1319 4145 1388 4198 quae
1408 4129 1457 4185 sub
1476 4129 1541 4185 Plu·

323 4219 413 4274 tarchi
437 4220 544 4274 nomine
573 4219 627 4274 iam
654 4218 682 4273 id
708 4219 840 4288 temporis
866 4218 1026 4274 ferebantur
1053 4218 1197 4287 exscripsit
1222 4219 1266 4288 [cl.
1290 4219 1318 4274 G.
1339 4218 1470 4289 Schmidt,
1490 4219 1541 4276 ‘De

324 4309 583 4378 apophthegmatum
602 4325 673 4376 quae
695 4308 745 4364 sub
764 4308 906 4364 Plutarchi
927 4308 1035 4364 nomine
1055 4307 1181 4363 feruntur
1204 4307 1411 4364 collectionibus
1429 4307 1451 4363 1’
1471 4309 1541 4380 Gry·

323 4398 404 4466 phiae
426 4401 492 4454 1879
511 4415 537 4468 p.
557 4401 591 4456 68
609 4397 679 4469 sqq-1
