3516 5272
344 427 386 488 74

430 610 626 697 δαισάμενος
649 608 684 671 δὲ
706 603 815 689 γάμον
837 606 936 673 πάλιν
958 609 1091 692 ἤλυθεν,
1114 611 1156 695 ἢν
1178 611 1260 676 ποθ’
1286 611 1392 703 ἑαοτρῖ
1508 688 1512 693 ,

474 719 575 782 ἔκτισε
598 715 654 779 καὶ
677 713 813 799 δαπέδῳ
836 712 1212 804 Ζηνδςένιδράσατοῧο).

435 829 462 891 l.
488 827 570 890 Ecce
594 820 807 904 biographum
830 820 1039 888 Leertienur'n
1062 825 1234 909 Porphyrii
1257 834 1430 896 auctorem.

430 936 460 998 2.
485 933 566 997 Erat
580 931 666 996 idem
683 947 754 992 oum
769 927 943 993 Alexandri
959 930 1148 1012 Apollodori
1164 938 1224 1000 etc.
1248 936 1441 1001 testimoniis
1462 938 1566 1019 reple-

340 1045 393 1104 tus
417 1045 495 1120 tum,
519 1039 552 1103 id
576 1037 661 1120 quod
684 1041 812 1116 tempus
828 1043 1067 1117 commonstrat,
1094 1039 1233 1105 Sebini
1256 1029 1506 1108 Hadrianeae
1530 1051 1567 1111 ut

343 1147 480 1212 diximus
510 1145 660 1216 notetis
683 1141 903 1223 sophistae:
936 1143 1020 1208 huno
1047 1145 1126 1210 mihi
1150 1152 1187 1210 ut
1210 1149 1434 1228 gravissimum
1461 1170 1565 1216 roser-

340 1255 421 1320 vavi.
457 1255 493 1318 In
513 1249 733 1334 Olympiodori
755 1250 984 1315 commentario
1007 1252 1041 1316 in
1058 1253 1211 1334 Gorgiam
1235 1255 1356 1336 scripto
1372 1255 1566 1340 Porphyris·-

340 1378 401 1424 nee
425 1361 511 1425 vitae
534 1358 680 1424 Platonis
703 1356 809 1421 inesse
832 1357 987 1438 reliquias
1012 1377 1110 1439 snpra
1133 1361 1254 1441 possim
1278 1364 1477 1428 enutrivimus
1494 1384 1564 1430 cum

341 1467 472 1532 Laertio
501 1465 736 1558 conspirantes:
766 1469 875 1527 cetere
904 1465 989 1528 enim
1020 1485 1105 1532 nunc
1131 1463 1213 1535 nihil
1242 1487 1391 1534 curamus
1420 1467 1472 1555 [cl.
1498 1474 1564 1554 epi-

339 1577 476 1638 metrum
493 1572 547 1656 Ill.
588 1573 671 1636 Ecce
693 1568 886 1651 perticulam
906 1571 1147 1653 Porphyriones
1171 1574 1238 1641 illic
1261 1575 1431 1641 latentem:
1456 1579 1564 1660 agitur

339 1680 380 1744 de
407 1680 574 1761 discipulis
596 1677 742 1743 Platonis
770 1696 801 1758 p.
827 1677 891 1741 395
921 1679 1003 1743 med.
1032 1680 1185 1757 γεγόνασι
1214 1680 1344 1766 ῥήτορες
1371 1687 1562 1767 θαυμαστοὶ

331 1782 513 1873 Ἰσοκράτης
535 1785 591 1848 καὶ
616 1787 829 1868 Δημοσθένης
857 1785 912 1847 καὶ
935 1772 1130 1870 Λυκοῦργος,
1156 1784 1228 1852 ἀλλ’
1260 1787 1277 1852 ὁ
1306 1789 1368 1870 μὲν
1383 1787 1562 1876 Ἰσοκράτης

337 1893 509 1978 ἶσόχρονος
532 1891 631 1958 αὐτοῦ
654 1889 672 1954 d
698 1891 734 1954 δὲ
757 1895 969 1977 Δημοσθένης
991 1893 1047 1956 καὶ
1069 1893 1257 1981 Λυκοῦργος
1279 1900 1429 1982 poemat
1451 1895 1561 1966 αὐτοῦ.

330 2001 506 2079 ¹Quadrant
529 1999 716 2064 Laertiune:
805 2033 806 2036 =
1397 2004 1401 2019 '

382 2109 462 2172 ἔνιοι
484 2107 522 2171 δὲ
551 2101 605 2170 ναὶ
630 2101 842 2189 θεόφρασταν
871 2099 1008 2168 duodoni
1031 2123 1133 2190 φασιν
1156 2104 1270 2173 aorno-
1299 2109 1355 2172 ναὶ
1378 2105 1561 2196 Ὑπερείδην

337 2217 397 2278 τόν
420 2213 537 2300 ῥήτορα
560 2211 799 2294 Χαμαιλέων
823 2211 902 2295 (μησὶ
924 2211 979 2274 καὶ
996 2219 1199 2299 Λυκοῦργον·
1236 2211 1353 2298 ὁμοίως
1371 2217 1562 2299 Πολέμων

336 2318 472 2406 insopor·
506 2321 563 2384 καὶ
599 2320 815 2404 Δημοσθένην
842 2321 1020 2400 Σαβῖνος
1050 2319 1134 2399 λέγει
1159 2357 1202 2371 »-
1228 2327 1475 2408 Μνησίστρατον
1503 2325 1560 2390 τδν

337 2427 462 2493 Θάσιον
484 2431 747 2514 παρατιθέμενος
766 2463 809 2476 -·-
834 2424 876 2490 ἕν
903 2423 1072 2512 τετάρτῳ
1096 2427 1295 2513 μολοτιαης
1319 2427 1420 2516 ὕλης.
1469 2432 1561 2496 Subl-

336 2554 421 2616 num,
439 2540 476 2600 ut
491 2535 618 2600 mittem
635 2539 769 2613 ceteros,
794 2531 991 2614 biographus
1007 2533 1130 2599 Leontii
1147 2539 1182 2600 et
1197 2535 1367 2619 Porphyrii
1384 2540 1558 2604 eommunis

336 2642 498 2707 excitavit.
539 2642 630 2720 Quod
647 2641 732 2705 enim
748 2644 824 2704 ente
841 2639 994 2704 Sabinum
1009 2639 1204 2723 Hermippus
1228 2643 1326 2727 [Plut.
1342 2644 1507 2709 Demosth.
1523 2644 1557 2728 6]

334 2748 390 2812 elii
418 2748 503 2813 idem
533 2748 573 2812 de
596 2747 813 2813 Demosthene
844 2747 1051 2828 scripserunt,
1076 2767 1159 2812 nuuc
1182 2749 1263 2814 nihil
1286 2751 1327 2815 ed
1351 2769 1430 2815 rem.
1477 2749 1557 2817 (ion-

335 2873 449 2920 sensus
473 2855 596 2920 Laertii
619 2853 863 2936 Porphyriique,
888 2858 925 2916 ut
947 2853 1027 2932 dixi,
1058 2855 1099 2918 ed
1124 2855 1276 2922 Sabinum
1300 2854 1348 2943 [ct
1372 2855 1559 2927 Ohsmeeleu

334 2961 455 3046 ontcm]
503 2961 568 3026 iam
614 2981 635 3026 a
679 2959 857 3042 biographo
904 2959 960 3024 illo
1006 2966 1215 3042 provocatum
1261 2980 1332 3027 esse
1378 2964 1559 3028 certissime

332 3070 544 3135 demonstret.
875 3060 878 3066 ’
1457 3117 1460 3126 .

424 3177 453 3242 3.
479 3174 678 3256 Porphyrius
707 3180 740 3238 et
762 3173 940 3238 Favorinus
971 3170 1069 3260 [apud
1091 3175 1257 3239 Leontium
1285 3173 1333 3240 ΠΙ
1349 3173 1383 3262 3]
1413 3177 1557 3259 Aeginae

333 3290 446 3349 natum
472 3301 542 3347 esse
566 3282 677 3346 dicunt
699 3281 876 3360 Platonem,
901 3281 965 3344 nisi
987 3281 1072 3362 quod
1095 3282 1147 3347 hio
1170 3283 1373 3348 scematiors
1395 3283 1552 3365 prodidit:

543 3457 709 3512 Laertius.
940 3455 944 3544 η
1058 3456 1249 3528 Anonymus
1267 3475 1294 3528 p.
1315 3459 1340 3525 6,
1361 3461 1393 3512 19
1413 3475 1471 3527 sqq.

331 3553 490 3562 ———

330 3603 384 3667 uui
407 3600 569 3688 ἐγεννήθη
584 3599 667 3668 κατά
689 3623 781 3676 τινας
804 3599 840 3665 ἕν
856 3604 916 3666 ΑΙ·
969 3600 1007 3666 ἐν
1029 3599 1119 3688 τάντηι
1141 3599 1181 3667 δὲ
1207 3607 1319 3682 γέγονε
1342 3604 1381 3691 τῇ
1404 3604 1531 3690 Αἰγίνη,

330 3715 403 3798 γίνη
426 3707 462 3775 ἐν
484 3715 522 3801 τῇ
536 3707 727 3773 ’Φειδιάδου
749 3711 836 3790 otus
859 3711 917 3773 τοῦ

330 3817 495 3903 Θάλητος,
529 3813 575 3891 ὥς
609 3833 703 3902 φησι
737 3819 915 3901 Φαβωρῖ-

329 3947 393 3999 νος
416 3923 459 3989 ἐν
481 3923 719 4014 παντοδαπῇ
743 3921 913 4008 lenonio,
969 3924 1026 3988 τοῦ
1065 3920 1187 4010 πατρὸς
1226 3918 1326 3988 αὐτοῦ
1365 3925 1553 4008 Αρῦοτοινος

403 4188 439 4260 ⁸⁰)
459 4188 534 4244 Idem
552 4189 734 4245 Nietmcheus
759 4189 864 4256 [progr.
887 4205 915 4256 p.
933 4188 962 4259 5]
985 4193 1015 4242 et
1037 4187 1269 4244 Frendenthslius
1291 4202 1318 4255 p.
1338 4189 1391 4242 304
1414 4150 1554 4242 viderunt.

329 4278 387 4334 iem
418 4277 495 4332 rides
526 4293 608 4345 quem
638 4276 737 4332 culllde
767 4277 843 4331 furis
873 4291 922 4330 son
951 4275 1072 4332 misellus
1101 4276 1155 4330 ists
1182 4276 1309 4330 Isontius
1340 4275 1554 4331 dissimulaverit

328 4366 533 4438 Μμμη
