3516 5272
319 437 362 504 3'4

317 617 364 684 ita
399 615 556 700 definivit,
590 622 627 684 nt
660 618 745 684 inter
779 619 937 685 Zenonem
968 621 1125 688 medicum
1153 621 1383 703 Herophileum
1407 621 1447 706 [o.
1475 625 1537 690 130

318 743 347 790 a.
373 723 445 790 Chr.
470 725 515 809 n.]
551 729 585 792 et
616 725 842 808 philosophum
871 725 1032 794 Ciceronis
1065 727 1269 810 magistrum,
1303 729 1418 813 quihus
1452 730 1538 812 apud

315 832 480 897 Laertium
509 836 559 898 est
585 833 809 915 interpositus
847 835 1040 901 conlocaret:
1071 853 1142 902 esse
1171 836 1255 902 enim
1284 837 1325 902 ad
1357 841 1537 920 temporum

315 940 473 1006 rationem
495 941 616 1006 indices
639 939 900 1021 homonymorum
923 941 1113 1008 Laertianos
1137 942 1384 1009 acommodatos.
1423 943 1536 1008 Eidem

314 1047 413 1128 igitur
429 1047 567 1130 tempori
580 1046 745 1113 Seleucum
762 1047 919 1115 attribuit.
956 1049 1065 1116 Staret
1082 1050 1252 1130 conclusio,
1270 1049 1344 1114 dum
1357 1050 1536 1131 praemissa

314 1160 423 1219 essent
450 1173 535 1221 vera.
583 1153 720 1220 Etiamsi
747 1173 823 1220 vero
851 1156 907 1222 isti
931 1155 1098 1222 Schmidtii
1123 1156 1265 1238 opinioni
1287 1176 1352 1222 non
1375 1155 1535 1222 defuerint

312 1261 498 1328 laudatores
513 1267 621 1327 tamen
633 1262 688 1344 qui
705 1280 774 1326 eam
786 1260 962 1328 firmaverit
979 1281 1037 1346 ego
1054 1263 1128 1330 novi
1143 1264 1311 1330 neminem.
1335 1263 1435 1328 Immo
1449 1265 1533 1330 omni

313 1370 439 1435 omnino
453 1369 575 1450 ordine,
588 1369 621 1434 id
631 1368 858 1451 quodposthac
866 1369 1033 1434 ostendam
1045 1370 1208 1452 exemplis,
1221 1370 1270 1435 illi
1278 1370 1399 1436 indices
1413 1376 1532 1438 carent.

403 1477 545 1543 Tertium
583 1475 776 1542 Schmidtius
815 1493 957 1540 errorem
999 1475 1033 1539 in
1075 1476 1326 1558 interpretandis
1366 1477 1533 1544 Strabonis

207 1619 211 1626 ·
310 1583 417 1650 verbis
434 1583 591 1650 commisit
606 1584 622 1648 Ι
637 1603 668 1664 p.
686 1584 743 1647 41:
761 1581 875 1666 Ζήνων
891 1579 908 1645 ὁ
924 1579 1073 1666 ἡμέιερος
1092 1583 1210 1668 γράφει
1226 1581 1341 1659 οὕτως·
1359 1585 1533 1662 mausona

311 1690 347 1752 θ’
374 1688 489 1776 ἱκόμην
517 1695 571 1755 κοιλ
594 1688 763 1764 Σιδονίους
782 1686 928 1775 ’Ἄραβάς
946 1689 1007 1768 κε’.
1055 1689 1127 1755 Non
1151 1689 1292 1756 Stoicum
1320 1696 1357 1757 ut
1378 1691 1531 1759 Lehrsius

313 1796 367 1880 [de
390 1798 445 1864 Ar.
470 1797 553 1864 stud.
578 1797 661 1862 hom.
686 1817 717 1878 p.
743 1796 821 1880 240]
852 1796 943 1878 tangi
967 1797 1132 1862 contendit
1155 1799 1211 1863 sed
1236 1798 1359 1865 Seleuci
1383 1799 1531 1866 edversa-

309 1905 408 1986 rium‚
433 1905 576 1988 quamvis
600 1902 708 1982 facile,
732 1903 826 1969 modo
851 1902 1040 1968 Strabonem
1054 1903 1161 1986 VHp.
1179 1907 1244 1970 299
1262 1923 1281 1969 a
1296 1905 1430 1970 Lehrsio
1453 1906 1531 1971 cita-

311 2017 380 2078 tum
402 2013 612 2094 inspexisset,
637 2009 850 2092 significatum
872 2010 1007 2076 vidisset
1029 2011 1265 2094 philosophum.
1303 2012 1356 2078 Ita
1378 2013 1463 2078 enim
1486 2051 1530 2060 —

300 2138 351 2208 'ex
372 2119 568 2200 Apollodoro
594 2155 632 2164 -
659 2118 788 2184 Strabo:
914 2118 943 2181 εί
965 2119 1007 2202 μη
1023 2119 1149 2202 Ζήνωνι
1172 2121 1215 2206 τῷ
1241 2116 1411 2206 φιλοσόφῳ
1432 2138 1529 2205 προσ-

309 2228 415 2290 εκτέον
437 2223 612 2311 γράφοντι·
645 2222 827 2300 ιΑλθίονιοὶς
850 2224 885 2288 θ’
913 2221 1028 2309 ἱκόμην
1050 2230 1104 2289 καὶ
1126 2225 1294 2301 Σιδονίους
1307 2224 1453 2310 Ἄραβάς
1474 2226 1528 2292 ιε’.

307 2327 423 2398 Actum
452 2333 552 2414 igitm
575 2332 615 2397 de
644 2331 811 2398 Schmidtii
838 2331 1125 2413 argumentatione.
1156 2371 1195 2380 -
1226 2333 1292 2398 Alii
1326 2351 1366 2398 ex
1400 2332 1529 2399 scholiis

307 2439 477 2505 homericis
513 2443 588 2506 ante
621 2439 792 2521 Didymum
816 2439 982 2505 Seleucum
1008 2439 1125 2505 vixisse
1152 2440 1331 2507 desumunt.
1388 2441 1528 2519 Quorum

308 2547 599 2622 adnotationes-
622 2546 860 2627 praetermissis
882 2555 917 2613 A
942 2547 1003 2612 211
1034 2549 1063 2608 Γ
1081 2547 1122 2610 57
1156 2548 1253 2632 133,
1277 2566 1359 2630 quae
1389 2566 1460 2614 cum
1487 2549 1528 2612 de

306 2654 564 2736 interpunctione
588 2653 667 2734 sint,
697 2653 855 2720 debentm
877 2653 1029 2719 Nicanori
1055 2689 1099 2700 --
1123 2654 1290 2736 adponam,
1314 2659 1351 2720 ut
1374 2656 1451 2737 quid
1472 2673 1527 2721 va-

306 2762 396 2828 leant
418 2767 506 2828 recte
530 2765 562 2826 et
584 2761 713 2842 penitus
741 2761 942 2843 dispiciatur:

346 2876 379 2934 Λ
405 2871 469 2936 381
494 2863 651 2944 Σέλευκός
673 2884 771 2954 φησιν
794 2866 829 2934 έν
851 2873 887 2955 τῇ
911 2870 1040 2954 Κνπρίηι
1062 2868 1117 2932 καί
1138 2867 1292 2959 Κρητικῇ·
1317 2866 1397 2932 ιἐπεί
1424 2865 1465 2955 ῥά
1488 2865 1526 2934 vd

306 2974 338 3042 οἱ
361 2976 455 3062 φίλος
477 2971 552 3060 ἦεν.
1603 2973 1607 2978 ’

350 3090 385 3149 A
408 3085 473 3150 340
501 3078 653 3168 ἀπηνέος·
683 3081 837 3157 Σέλευκος
869 3083 904 3146 ἐν
930 3081 968 3172 τῇ
995 3081 1172 3168 πολοστίχῳ
1203 3079 1320 3169 γράφει
1348 3075 1526 3156 ιιίνοιιιίέοξ·

306 3185 503 3276 εὐεπίφορον
536 3188 599 3276 γὰρ
633 3191 715 3254 είναι
747 3186 806 3282 ιον
828 3183 984 3269 Ἀχιλλέα
1012 3189 1057 3266 είς
1089 3186 1125 3254 τὸ
1161 3184 1305 3273 ‘dvacdq'’
1331 3187 1443 3254 καλεῖν
1469 3189 1527 3253 τὸν

300 3292 542 3382 Ἀγαμέμνονα.
588 3296 626 3362 In
649 3296 717 3362 solo
740 3292 984 3378 Victorieno⁸¹²)
1012 3295 1174 3376 leguntur:

350 3406 467 3470 11272
492 3408 545 3467 nai
568 3398 749 3486 ἀγχέμαχοι
760 3401 977 3487 Ιθεράποντες·
1002 3396 1070 3466 ἀπὸ
1094 3405 1203 3470 κοινοῦ
1225 3398 1260 3464 τὸ
1283 3402 1360 3486 ‘pay’
1383 3397 1524 3489 ἄριστοί·

304 3511 458 3586 Σέλευκος
481 3510 511 3574 d'
534 3506 661 3575 ἀθετεῖ·

351 3625 386 3682 11
407 3621 469 3684 807
499 3617 595 3704 δηλοῖ
615 3612 674 3682 οὖν
695 3615 760 3680 τῶν
783 3613 918 3697 σχεδίων
940 3611 981 3690 ὥς
1003 3611 1070 3680 ιτὸν
1093 3615 1128 3680 δὲ
1152 3612 1267 3695 σχεδόν
1295 3613 1369 3698 ἄορι
1397 3610 1524 3700 adelrad·

304 3725 459 3801 Σέλευκος
472 3727 511 3790 δέ
525 3740 623 3811 φησιν
638 3718 675 3790 οὗ
693 3721 861 3788 δύνασθαι
877 3721 990 3804 σχεδὸν
1002 3719 1121 3805 βάλεν.
1154 3720 1246 3786 Licet
1260 3739 1324 3786 non
1344 3721 1525 3786 nominetur

305 3833 471 3916 Didymus,
495 3837 602 3898 mmen
626 3832 654 3922 si
677 3831 718 3896 ad
742 3848 851 3896 eorum
874 3830 1041 3910 rationem,
1065 3829 1121 3912 qui
1135 3831 1265 3910 praeter
1285 3828 1524 3910 quattuorviros

304 3940 383 4006 nulli
422 3940 700 4023 grammaticorum
737 3938 771 4003 in
808 3941 952 4002 veterum
990 3935 1182 4002 achobornm
1220 3952 1373 4016 compage
1416 3934 1524 4000 sedem
1554 3971 1556 3976 ,

305 4049 497 4130 concedunt,
527 4047 606 4113 haec
634 4046 833 4128 exigeremus
857 4044 1014 4126 exempla,
1039 4043 1175 4126 Didymo
1200 4059 1341 4108 essemus
1365 4040 1522 4106 contenti:

304 4157 344 4222 de
368 4156 472 4230 tribus
497 4155 581 4222 enim
605 4154 720 4220 ceteris
742 4152 814 4236 quis
838 4150 1015 4233 cogitabit?
1053 4150 1097 4215 At
1119 4155 1208 4215 earet
1230 4149 1286 4214 illa
1308 4147 1402 4215 iustis
1420 4147 1523 4212 causis

375 4296 425 4360 ³1²)
446 4295 488 4350 De
506 4293 560 4350 fide
579 4291 731 4350 victoriani
750 4295 846 4346 contra
857 4290 1001 4346 Lahrsium
1020 4289 1067 4360 [de
1080 4289 1129 4343 Ar.
1148 4288 1220 4344 stud.
1239 4287 1323 4344 honr.l
1341 4303 1368 4357 p.
1381 4287 1428 4356 38]
1449 4291 1522 4343 recte

304 4385 457 4456 disputavit
476 4385 526 4440 Th.
544 4382 698 4440 Beccardus
715 4399 743 4452 p.
762 4383 797 4438 84
815 4395 874 4450 sqq.
