<?xml version="1.0" encoding="UTF-8"?>
<!DOCTYPE html PUBLIC "-//W3C//DTD XHTML 1.0 Transitional//EN"
    "http://www.w3.org/TR/xhtml1/DTD/xhtml1-transitional.dtd">
<html xmlns="http://www.w3.org/1999/xhtml" xml:lang="en" lang="en">
 <head>
  <title>
</title>
<meta http-equiv="Content-Type" content="text/html;charset=utf-8" />
  <meta name='ocr-system' content='tesseract 3.04.00' />
  <meta name='ocr-capabilities' content='ocr_page ocr_carea ocr_par ocr_line ocrx_word'/>
</head>
<body>
  <div class='ocr_page' id='page_1' title='image "./debiographisgra00maasgoog_0062.png"; bbox 0 0 3516 5272; ppageno 0'>
   <div class='ocr_carea' id='block_1_1' title="bbox 1393 475 1434 540">
    <p class='ocr_par' dir='ltr' id='par_1_1' title="bbox 1393 475 1434 540">
     <span class='ocr_line' id='line_1_1' title="bbox 1393 475 1434 540; baseline 0 0"><span class='ocrx_word' id='word_1_1' title='bbox 1393 475 1434 540; x_wconf 84' lang='lat'>53</span> 
     </span>
    </p>
   </div>
   <div class='ocr_carea' id='block_1_2' title="bbox 211 651 1438 1066">
    <p class='ocr_par' dir='ltr' id='par_1_2' title="bbox 211 651 1438 1066">
     <span class='ocr_line' id='line_1_2' title="bbox 212 651 1438 740; baseline -0.008 -12"><span class='ocrx_word' id='word_1_2' title='bbox 212 662 412 728; x_wconf 89' lang='lat' dir='ltr'>coniecturas</span> <span class='ocrx_word' id='word_1_3' title='bbox 442 655 653 740; x_wconf 84' lang='lat' dir='ltr'>confugerunt</span> <span class='ocrx_word' id='word_1_4' title='bbox 687 655 859 738; x_wconf 91' lang='lat' dir='ltr'>pessimas,</span> <span class='ocrx_word' id='word_1_5' title='bbox 895 653 983 720; x_wconf 87' lang='lat' dir='ltr'>velut</span> <span class='ocrx_word' id='word_1_6' title='bbox 1011 653 1237 736; x_wconf 86' lang='lat' dir='ltr'>Bernhardyus</span> <span class='ocrx_word' id='word_1_7' title='bbox 1271 651 1438 730; x_wconf 77' lang='grc' dir='ltr'><strong><em>πολιτείας</em></strong></span> 
     </span>
     <span class='ocr_line' id='line_1_3' title="bbox 212 759 1435 850; baseline -0.005 -16"><span class='ocrx_word' id='word_1_8' title='bbox 212 767 342 850; x_wconf 85' lang='lat' dir='ltr'><strong>scripsit</strong></span> <span class='ocrx_word' id='word_1_9' title='bbox 371 783 430 848; x_wconf 92' lang='lat' dir='ltr'>pro</span> <span class='ocrx_word' id='word_1_10' title='bbox 465 761 589 838; x_wconf 78' lang='grc' dir='ltr'><strong><em>πόλεως</em></strong></span> <span class='ocrx_word' id='word_1_11' title='bbox 617 761 669 846; x_wconf 83' lang='grc'><strong>[11.</strong></span> <span class='ocrx_word' id='word_1_12' title='bbox 700 761 786 828; x_wconf 86' lang='lat' dir='ltr'>Suid.</span> <span class='ocrx_word' id='word_1_13' title='bbox 820 781 845 830; x_wconf 92' lang='lat' dir='ltr'>s.</span> <span class='ocrx_word' id='word_1_14' title='bbox 869 782 897 828; x_wconf 86' lang='lat' dir='ltr'>v.</span> <span class='ocrx_word' id='word_1_15' title='bbox 925 763 1113 848; x_wconf 74' lang='grc' dir='ltr'><strong><em>Φαβωρῖνος</em></strong></span> <span class='ocrx_word' id='word_1_16' title='bbox 1145 761 1193 826; x_wconf 88' lang='grc'>11.</span> <span class='ocrx_word' id='word_1_17' title='bbox 1222 759 1435 844; x_wconf 91' lang='lat' dir='ltr'>Bernhardy].</span> 
     </span>
     <span class='ocr_line' id='line_1_4' title="bbox 211 863 1436 957; baseline -0.006 -17"><span class='ocrx_word' id='word_1_18' title='bbox 211 875 254 940; x_wconf 85' lang='lat' dir='ltr'>At</span> <span class='ocrx_word' id='word_1_19' title='bbox 277 891 334 939; x_wconf 88' lang='lat' dir='ltr'>eur</span> <span class='ocrx_word' id='word_1_20' title='bbox 356 871 471 956; x_wconf 77' lang='grc' dir='ltr'><strong><em>βιβλίῳ</em></strong></span> <span class='ocrx_word' id='word_1_21' title='bbox 494 869 663 952; x_wconf 84' lang='lat' dir='ltr'>suppletur</span> <span class='ocrx_word' id='word_1_22' title='bbox 685 869 727 934; x_wconf 85' lang='lat' dir='ltr'>ad</span> <span class='ocrx_word' id='word_1_23' title='bbox 749 869 785 933; x_wconf 78' lang='grc' dir='ltr'>ἐν</span> <span class='ocrx_word' id='word_1_24' title='bbox 807 875 851 957; x_wconf 82' lang='grc' dir='ltr'>τῷ</span> <span class='ocrx_word' id='word_1_25' title='bbox 874 871 948 954; x_wconf 76' lang='lat' dir='ltr'>napi</span> <span class='ocrx_word' id='word_1_26' title='bbox 963 867 1161 954; x_wconf 76' lang='grc' dir='ltr'><strong><em>Κυρηναϊκῆς</em></strong></span> <span class='ocrx_word' id='word_1_27' title='bbox 1175 863 1316 943; x_wconf 63' lang='lat' dir='ltr'>nitrea?</span> <span class='ocrx_word' id='word_1_28' title='bbox 1354 868 1436 946; x_wconf 84' lang='lat' dir='ltr'>Quin</span> 
     </span>
     <span class='ocr_line' id='line_1_5' title="bbox 211 974 1438 1066; baseline -0.006 -20"><span class='ocrx_word' id='word_1_29' title='bbox 211 976 364 1066; x_wconf 74' lang='lat' dir='ltr'>tdyq⁶³)?</span> <span class='ocrx_word' id='word_1_30' title='bbox 403 976 532 1044; x_wconf 81' lang='lat' dir='ltr'>Scilicet</span> <span class='ocrx_word' id='word_1_31' title='bbox 553 975 714 1058; x_wconf 90' lang='lat' dir='ltr'>particula</span> <span class='ocrx_word' id='word_1_32' title='bbox 730 976 919 1057; x_wconf 80' lang='lat' dir='ltr'>omnigenae</span> <span class='ocrx_word' id='word_1_33' title='bbox 942 975 1098 1041; x_wconf 83' lang='lat' dir='ltr'>historiae</span> <span class='ocrx_word' id='word_1_34' title='bbox 1122 974 1162 1040; x_wconf 94' lang='grc'>11</span> <span class='ocrx_word' id='word_1_35' title='bbox 1178 974 1302 1058; x_wconf 79' lang='lat' dir='ltr'>Cyrene</span> <span class='ocrx_word' id='word_1_36' title='bbox 1326 977 1438 1056; x_wconf 89' lang='lat' dir='ltr'>egerat</span> 
     </span>
    </p>
   </div>
   <div class='ocr_carea' id='block_1_3' title="bbox 209 1080 1439 2870">
    <p class='ocr_par' dir='ltr' id='par_1_3' title="bbox 210 1080 1439 1384">
     <span class='ocr_line' id='line_1_6' title="bbox 211 1080 1439 1170; baseline -0.006 -18"><span class='ocrx_word' id='word_1_37' title='bbox 211 1086 398 1152; x_wconf 87' lang='lat' dir='ltr'>Favorinus.</span> <span class='ocrx_word' id='word_1_38' title='bbox 440 1082 585 1150; x_wconf 80' lang='lat' dir='ltr'>Concedo</span> <span class='ocrx_word' id='word_1_39' title='bbox 602 1082 670 1147; x_wconf 90' lang='lat' dir='ltr'>sine</span> <span class='ocrx_word' id='word_1_40' title='bbox 688 1082 751 1148; x_wconf 91' lang='lat' dir='ltr'>alio</span> <span class='ocrx_word' id='word_1_41' title='bbox 769 1088 968 1165; x_wconf 89' lang='lat' dir='ltr'>argumento,</span> <span class='ocrx_word' id='word_1_42' title='bbox 985 1082 1121 1148; x_wconf 91' lang='lat' dir='ltr'>lexicine</span> <span class='ocrx_word' id='word_1_43' title='bbox 1136 1081 1191 1147; x_wconf 93' lang='lat' dir='ltr'>ille</span> <span class='ocrx_word' id='word_1_44' title='bbox 1207 1087 1281 1170; x_wconf 78' lang='grc' dir='ltr'><strong><em>περὶ</em></strong></span> <span class='ocrx_word' id='word_1_45' title='bbox 1297 1080 1439 1168; x_wconf 77' lang='grc' dir='ltr'><em>Κυρήνης</em></span> 
     </span>
     <span class='ocr_line' id='line_1_7' title="bbox 210 1187 1436 1270; baseline -0.006 -11"><span class='ocrx_word' id='word_1_46' title='bbox 210 1193 309 1259; x_wconf 88' lang='lat' dir='ltr'>fuerit</span> <span class='ocrx_word' id='word_1_47' title='bbox 342 1190 497 1258; x_wconf 84' lang='lat' dir='ltr'>articulus</span> <span class='ocrx_word' id='word_1_48' title='bbox 533 1207 573 1253; x_wconf 94' lang='lat' dir='ltr'>an</span> <span class='ocrx_word' id='word_1_49' title='bbox 607 1188 683 1254; x_wconf 90' lang='lat' dir='ltr'>libri</span> <span class='ocrx_word' id='word_1_50' title='bbox 718 1189 830 1254; x_wconf 90' lang='lat' dir='ltr'>ordine</span> <span class='ocrx_word' id='word_1_51' title='bbox 860 1189 1022 1270; x_wconf 90' lang='lat' dir='ltr'>destituti,</span> <span class='ocrx_word' id='word_1_52' title='bbox 1056 1207 1120 1253; x_wconf 93' lang='lat' dir='ltr'>non</span> <span class='ocrx_word' id='word_1_53' title='bbox 1149 1187 1264 1253; x_wconf 90' lang='lat' dir='ltr'>dirimi.</span> <span class='ocrx_word' id='word_1_54' title='bbox 1316 1189 1436 1253; x_wconf 91' lang='lat' dir='ltr'>Verum</span> 
     </span>
     <span class='ocr_line' id='line_1_8' title="bbox 211 1294 1385 1384; baseline -0.006 -18"><span class='ocrx_word' id='word_1_55' title='bbox 211 1299 389 1382; x_wconf 84' lang='lat' dir='ltr'>adsumptis</span> <span class='ocrx_word' id='word_1_56' title='bbox 413 1316 495 1380; x_wconf 90' lang='lat' dir='ltr'>quae</span> <span class='ocrx_word' id='word_1_57' title='bbox 517 1296 612 1362; x_wconf 92' lang='lat' dir='ltr'>modo</span> <span class='ocrx_word' id='word_1_58' title='bbox 637 1295 702 1384; x_wconf 85' lang='lat' dir='ltr'>dixi</span> <span class='ocrx_word' id='word_1_59' title='bbox 726 1294 766 1360; x_wconf 90' lang='lat' dir='ltr'>de</span> <span class='ocrx_word' id='word_1_60' title='bbox 789 1295 910 1377; x_wconf 83' lang='lat' dir='ltr'>Argilo,</span> <span class='ocrx_word' id='word_1_61' title='bbox 934 1300 1042 1360; x_wconf 89' lang='lat' dir='ltr'>utrum</span> <span class='ocrx_word' id='word_1_62' title='bbox 1065 1295 1172 1360; x_wconf 91' lang='lat' dir='ltr'>verius</span> <span class='ocrx_word' id='word_1_63' title='bbox 1195 1295 1248 1376; x_wconf 93' lang='lat' dir='ltr'>sit,</span> <span class='ocrx_word' id='word_1_64' title='bbox 1273 1295 1385 1361; x_wconf 87' lang='lat' dir='ltr'>clucet.</span> 
     </span>
    </p>

    <p class='ocr_par' dir='ltr' id='par_1_4' title="bbox 210 1400 1436 1914">
     <span class='ocr_line' id='line_1_9' title="bbox 300 1400 1435 1484; baseline -0.004 -13"><span class='ocrx_word' id='word_1_65' title='bbox 300 1409 330 1472; x_wconf 84' lang='lat'>4.</span> <span class='ocrx_word' id='word_1_66' title='bbox 355 1406 423 1471; x_wconf 91' lang='lat' dir='ltr'>Iam</span> <span class='ocrx_word' id='word_1_67' title='bbox 453 1403 622 1469; x_wconf 92' lang='lat' dir='ltr'>dummodo</span> <span class='ocrx_word' id='word_1_68' title='bbox 657 1402 750 1467; x_wconf 90' lang='lat' dir='ltr'>binas</span> <span class='ocrx_word' id='word_1_69' title='bbox 784 1402 912 1467; x_wconf 90' lang='lat' dir='ltr'>litteras</span> <span class='ocrx_word' id='word_1_70' title='bbox 948 1400 1091 1483; x_wconf 89' lang='lat' dir='ltr'>singulos</span> <span class='ocrx_word' id='word_1_71' title='bbox 1125 1400 1226 1466; x_wconf 91' lang='lat' dir='ltr'>libros</span> <span class='ocrx_word' id='word_1_72' title='bbox 1262 1419 1435 1484; x_wconf 85' lang='lat' dir='ltr'>occupasse</span> 
     </span>
     <span class='ocr_line' id='line_1_10' title="bbox 210 1508 1435 1592; baseline -0.007 -12"><span class='ocrx_word' id='word_1_73' title='bbox 210 1513 412 1592; x_wconf 88' lang='lat' dir='ltr'>concedatur,</span> <span class='ocrx_word' id='word_1_74' title='bbox 438 1535 455 1576; x_wconf 93' lang='lat' dir='ltr'>o</span> <span class='ocrx_word' id='word_1_75' title='bbox 480 1514 513 1575; x_wconf 90' lang='lat' dir='ltr'>et</span> <span class='ocrx_word' id='word_1_76' title='bbox 536 1530 561 1574; x_wconf 82' lang='grc' dir='ltr'><em>π</em></span> <span class='ocrx_word' id='word_1_77' title='bbox 584 1513 707 1590; x_wconf 89' lang='lat' dir='ltr'>octavo,</span> <span class='ocrx_word' id='word_1_78' title='bbox 732 1533 754 1571; x_wconf 91' lang='grc' dir='ltr'><strong><em>α</em></strong></span> <span class='ocrx_word' id='word_1_79' title='bbox 778 1509 881 1590; x_wconf 92' lang='lat' dir='ltr'>primo</span> <span class='ocrx_word' id='word_1_80' title='bbox 905 1508 987 1574; x_wconf 91' lang='lat' dir='ltr'>libro</span> <span class='ocrx_word' id='word_1_81' title='bbox 1012 1512 1105 1574; x_wconf 90' lang='lat' dir='ltr'>eraut</span> <span class='ocrx_word' id='word_1_82' title='bbox 1120 1509 1319 1590; x_wconf 89' lang='lat' dir='ltr'>adsignatae.</span> <span class='ocrx_word' id='word_1_83' title='bbox 1356 1509 1435 1574; x_wconf 87' lang='lat' dir='ltr'>Rem</span> 
     </span>
     <span class='ocr_line' id='line_1_11' title="bbox 210 1614 1436 1704; baseline -0.006 -18"><span class='ocrx_word' id='word_1_84' title='bbox 210 1623 314 1704; x_wconf 89' lang='lat' dir='ltr'>ipsam</span> <span class='ocrx_word' id='word_1_85' title='bbox 329 1620 416 1685; x_wconf 85' lang='lat' dir='ltr'>vide:</span> <span class='ocrx_word' id='word_1_86' title='bbox 436 1616 574 1682; x_wconf 78' lang='grc' dir='ltr'><em>Πλάτων</em></span> <span class='ocrx_word' id='word_1_87' title='bbox 590 1617 651 1700; x_wconf 93' lang='grc' dir='ltr'>[ΙΠ</span> <span class='ocrx_word' id='word_1_88' title='bbox 668 1615 774 1703; x_wconf 62' lang='lat' dir='ltr'>ew)</span> <span class='ocrx_word' id='word_1_89' title='bbox 799 1622 832 1682; x_wconf 92' lang='lat' dir='ltr'>et</span> <span class='ocrx_word' id='word_1_90' title='bbox 850 1615 1052 1700; x_wconf 73' lang='grc' dir='ltr'><strong><em>Πυθαγόρας</em></strong></span> <span class='ocrx_word' id='word_1_91' title='bbox 1068 1614 1159 1698; x_wconf 90' lang='lat' dir='ltr'>[VIII</span> <span class='ocrx_word' id='word_1_92' title='bbox 1177 1617 1226 1680; x_wconf 80' lang='lat'>12.</span> <span class='ocrx_word' id='word_1_93' title='bbox 1244 1615 1301 1699; x_wconf 83' lang='lat'>47]</span> <span class='ocrx_word' id='word_1_94' title='bbox 1321 1633 1436 1698; x_wconf 86' lang='lat' dir='ltr'>reapse</span> 
     </span>
     <span class='ocr_line' id='line_1_12' title="bbox 210 1719 1436 1806; baseline -0.005 -14"><span class='ocrx_word' id='word_1_95' title='bbox 210 1719 576 1806; x_wconf 73' lang='grc' dir='ltr'><strong>11.111111,Ἀττική,</strong></span> <span class='ocrx_word' id='word_1_96' title='bbox 601 1742 664 1805; x_wconf 89' lang='lat' dir='ltr'>qua</span> <span class='ocrx_word' id='word_1_97' title='bbox 688 1724 746 1790; x_wconf 94' lang='lat' dir='ltr'>sub</span> <span class='ocrx_word' id='word_1_98' title='bbox 770 1742 847 1790; x_wconf 90' lang='lat' dir='ltr'>voce</span> <span class='ocrx_word' id='word_1_99' title='bbox 870 1723 911 1788; x_wconf 93' lang='grc'>11</span> <span class='ocrx_word' id='word_1_100' title='bbox 935 1722 1098 1804; x_wconf 87' lang='lat' dir='ltr'>Tetrapoli</span> <span class='ocrx_word' id='word_1_101' title='bbox 1123 1721 1232 1788; x_wconf 83' lang='lat' dir='ltr'>Attica</span> <span class='ocrx_word' id='word_1_102' title='bbox 1256 1722 1436 1804; x_wconf 92' lang='lat' dir='ltr'>expositum</span> 
     </span>
     <span class='ocr_line' id='line_1_13' title="bbox 211 1829 949 1914; baseline -0.005 -17"><span class='ocrx_word' id='word_1_103' title='bbox 211 1835 282 1897; x_wconf 89' lang='lat' dir='ltr'>erat</span> <span class='ocrx_word' id='word_1_104' title='bbox 305 1830 430 1914; x_wconf 88' lang='lat' dir='ltr'>[Steph.</span> <span class='ocrx_word' id='word_1_105' title='bbox 456 1849 480 1896; x_wconf 92' lang='lat' dir='ltr'>s.</span> <span class='ocrx_word' id='word_1_106' title='bbox 505 1830 549 1914; x_wconf 82' lang='grc'>1.]</span> <span class='ocrx_word' id='word_1_107' title='bbox 572 1831 613 1894; x_wconf 88' lang='grc'>11</span> <span class='ocrx_word' id='word_1_108' title='bbox 636 1830 762 1912; x_wconf 92' lang='lat' dir='ltr'>primo</span> <span class='ocrx_word' id='word_1_109' title='bbox 787 1829 949 1896; x_wconf 89' lang='lat' dir='ltr'>extabant.</span> 
     </span>
    </p>

    <p class='ocr_par' dir='ltr' id='par_1_5' title="bbox 209 1932 1436 2450">
     <span class='ocr_line' id='line_1_14' title="bbox 299 1932 1436 2019; baseline -0.004 -17"><span class='ocrx_word' id='word_1_110' title='bbox 299 1937 367 2002; x_wconf 90' lang='lat' dir='ltr'>Iam</span> <span class='ocrx_word' id='word_1_111' title='bbox 378 1940 589 2019; x_wconf 88' lang='lat' dir='ltr'>posteaquam</span> <span class='ocrx_word' id='word_1_112' title='bbox 604 1935 867 2018; x_wconf 90' lang='lat' dir='ltr'>homonymorum</span> <span class='ocrx_word' id='word_1_113' title='bbox 882 1935 1069 2001; x_wconf 88' lang='lat' dir='ltr'>memoriam</span> <span class='ocrx_word' id='word_1_114' title='bbox 1085 1938 1118 1999; x_wconf 91' lang='lat' dir='ltr'>et</span> <span class='ocrx_word' id='word_1_115' title='bbox 1133 1953 1187 2000; x_wconf 90' lang='lat' dir='ltr'>res</span> <span class='ocrx_word' id='word_1_116' title='bbox 1203 1932 1436 2016; x_wconf 83' lang='lat' dir='ltr'>geographicas</span> 
     </span>
     <span class='ocr_line' id='line_1_15' title="bbox 210 2038 1436 2128; baseline -0.005 -20"><span class='ocrx_word' id='word_1_117' title='bbox 210 2043 372 2126; x_wconf 90' lang='lat' dir='ltr'>prioribus</span> <span class='ocrx_word' id='word_1_118' title='bbox 388 2043 450 2108; x_wconf 91' lang='lat' dir='ltr'>XII</span> <span class='ocrx_word' id='word_1_119' title='bbox 466 2044 654 2125; x_wconf 89' lang='lat' dir='ltr'>omnigenae</span> <span class='ocrx_word' id='word_1_120' title='bbox 670 2042 826 2108; x_wconf 90' lang='lat' dir='ltr'>historiae</span> <span class='ocrx_word' id='word_1_121' title='bbox 840 2039 1038 2128; x_wconf 58' lang='grc'><strong>11111155)-</strong></span> <span class='ocrx_word' id='word_1_122' title='bbox 1054 2041 1170 2106; x_wconf 89' lang='lat' dir='ltr'>ceteris</span> <span class='ocrx_word' id='word_1_123' title='bbox 1186 2039 1248 2105; x_wconf 87' lang='lat' dir='ltr'>XII</span> <span class='ocrx_word' id='word_1_124' title='bbox 1264 2038 1436 2121; x_wconf 89' lang='lat' dir='ltr'>‘quaestio-</span> 
     </span>
     <span class='ocr_line' id='line_1_16' title="bbox 210 2145 1436 2232; baseline -0.006 -16"><span class='ocrx_word' id='word_1_125' title='bbox 210 2169 268 2217; x_wconf 90' lang='lat' dir='ltr'>nes</span> <span class='ocrx_word' id='word_1_126' title='bbox 291 2150 433 2232; x_wconf 86' lang='lat' dir='ltr'>graecas’</span> <span class='ocrx_word' id='word_1_127' title='bbox 459 2155 617 2218; x_wconf 87' lang='lat' dir='ltr'>tractasse</span> <span class='ocrx_word' id='word_1_128' title='bbox 640 2150 777 2230; x_wconf 86' lang='lat' dir='ltr'>videtur,</span> <span class='ocrx_word' id='word_1_129' title='bbox 806 2151 834 2214; x_wconf 93' lang='lat' dir='ltr'>si</span> <span class='ocrx_word' id='word_1_130' title='bbox 858 2148 954 2214; x_wconf 86' lang='lat' dir='ltr'>Gellii</span> <span class='ocrx_word' id='word_1_131' title='bbox 978 2148 1137 2230; x_wconf 83' lang='lat' dir='ltr'>excerptis</span> <span class='ocrx_word' id='word_1_132' title='bbox 1161 2147 1318 2212; x_wconf 89' lang='lat' dir='ltr'>credimus</span> <span class='ocrx_word' id='word_1_133' title='bbox 1336 2145 1436 2210; x_wconf 89' lang='lat' dir='ltr'>—ad</span> 
     </span>
     <span class='ocr_line' id='line_1_17' title="bbox 209 2253 1435 2339; baseline -0.004 -16"><span class='ocrx_word' id='word_1_134' title='bbox 209 2258 337 2323; x_wconf 90' lang='lat' dir='ltr'>litteras</span> <span class='ocrx_word' id='word_1_135' title='bbox 370 2261 575 2323; x_wconf 90' lang='lat' dir='ltr'>enumeratas</span> <span class='ocrx_word' id='word_1_136' title='bbox 621 2275 692 2322; x_wconf 90' lang='lat' dir='ltr'>esse</span> <span class='ocrx_word' id='word_1_137' title='bbox 725 2257 959 2339; x_wconf 89' lang='lat' dir='ltr'>quadamtenus</span> <span class='ocrx_word' id='word_1_138' title='bbox 986 2255 1137 2338; x_wconf 89' lang='lat' dir='ltr'>probavi,</span> <span class='ocrx_word' id='word_1_139' title='bbox 1173 2256 1206 2320; x_wconf 94' lang='lat' dir='ltr'>in</span> <span class='ocrx_word' id='word_1_140' title='bbox 1236 2253 1435 2336; x_wconf 84' lang='lat' dir='ltr'>homonymis</span> 
     </span>
     <span class='ocr_line' id='line_1_18' title="bbox 210 2359 738 2450; baseline 0 -20"><span class='ocrx_word' id='word_1_141' title='bbox 210 2365 460 2446; x_wconf 89' lang='lat' dir='ltr'>disputationem</span> <span class='ocrx_word' id='word_1_142' title='bbox 484 2364 679 2446; x_wconf 90' lang='lat' dir='ltr'>complectar</span> <span class='ocrx_word' id='word_1_143' title='bbox 688 2359 738 2450; x_wconf 72' lang='grc' dir='ltr'>δῦ).</span> 
     </span>
    </p>

    <p class='ocr_par' dir='ltr' id='par_1_6' title="bbox 209 2465 1436 2870">
     <span class='ocr_line' id='line_1_19' title="bbox 298 2465 1436 2554; baseline -0.004 -18"><span class='ocrx_word' id='word_1_144' title='bbox 298 2472 437 2554; x_wconf 90' lang='lat' dir='ltr'>Largam</span> <span class='ocrx_word' id='word_1_145' title='bbox 460 2471 575 2553; x_wconf 89' lang='lat' dir='ltr'>dapem</span> <span class='ocrx_word' id='word_1_146' title='bbox 599 2475 633 2537; x_wconf 91' lang='lat' dir='ltr'>et</span> <span class='ocrx_word' id='word_1_147' title='bbox 656 2473 765 2554; x_wconf 92' lang='lat' dir='ltr'>gustui</span> <span class='ocrx_word' id='word_1_148' title='bbox 787 2471 908 2538; x_wconf 90' lang='lat' dir='ltr'>saeculi</span> <span class='ocrx_word' id='word_1_149' title='bbox 931 2470 1111 2553; x_wconf 91' lang='lat' dir='ltr'>adpositam</span> <span class='ocrx_word' id='word_1_150' title='bbox 1134 2465 1284 2534; x_wconf 85' lang='lat' dir='ltr'>Favorini</span> <span class='ocrx_word' id='word_1_151' title='bbox 1308 2467 1436 2533; x_wconf 89' lang='lat' dir='ltr'>articuli</span> 
     </span>
     <span class='ocr_line' id='line_1_20' title="bbox 210 2575 1435 2660; baseline -0.006 -15"><span class='ocrx_word' id='word_1_152' title='bbox 210 2577 412 2645; x_wconf 85' lang='lat' dir='ltr'>exhibebant.</span> <span class='ocrx_word' id='word_1_153' title='bbox 452 2579 501 2644; x_wconf 90' lang='lat' dir='ltr'>De</span> <span class='ocrx_word' id='word_1_154' title='bbox 519 2579 643 2660; x_wconf 91' lang='lat' dir='ltr'>origine</span> <span class='ocrx_word' id='word_1_155' title='bbox 666 2577 869 2644; x_wconf 91' lang='lat' dir='ltr'>institutione</span> <span class='ocrx_word' id='word_1_156' title='bbox 892 2576 988 2642; x_wconf 92' lang='lat' dir='ltr'>rebus</span> <span class='ocrx_word' id='word_1_157' title='bbox 1012 2576 1112 2659; x_wconf 90' lang='lat' dir='ltr'>gestis</span> <span class='ocrx_word' id='word_1_158' title='bbox 1136 2575 1327 2657; x_wconf 90' lang='lat' dir='ltr'>scriptisque</span> <span class='ocrx_word' id='word_1_159' title='bbox 1351 2575 1435 2639; x_wconf 91' lang='lat' dir='ltr'>etsi</span> 
     </span>
     <span class='ocr_line' id='line_1_21' title="bbox 209 2680 1434 2768; baseline -0.005 -18"><span class='ocrx_word' id='word_1_160' title='bbox 209 2703 292 2768; x_wconf 91' lang='lat' dir='ltr'>quae</span> <span class='ocrx_word' id='word_1_161' title='bbox 316 2684 379 2750; x_wconf 91' lang='lat' dir='ltr'>alia</span> <span class='ocrx_word' id='word_1_162' title='bbox 401 2684 450 2750; x_wconf 93' lang='grc'><strong>1111</strong></span> <span class='ocrx_word' id='word_1_163' title='bbox 474 2685 574 2750; x_wconf 89' lang='lat' dir='ltr'>aetati</span> <span class='ocrx_word' id='word_1_164' title='bbox 598 2685 681 2749; x_wconf 92' lang='lat' dir='ltr'>scitu</span> <span class='ocrx_word' id='word_1_165' title='bbox 702 2684 888 2750; x_wconf 83' lang='lat' dir='ltr'>riderentur</span> <span class='ocrx_word' id='word_1_166' title='bbox 911 2684 1009 2766; x_wconf 90' lang='lat' dir='ltr'>digna</span> <span class='ocrx_word' id='word_1_167' title='bbox 1030 2682 1076 2748; x_wconf 95' lang='lat' dir='ltr'>ibi</span> <span class='ocrx_word' id='word_1_168' title='bbox 1099 2700 1138 2747; x_wconf 90' lang='lat' dir='ltr'>ex</span> <span class='ocrx_word' id='word_1_169' title='bbox 1160 2681 1271 2746; x_wconf 90' lang='lat' dir='ltr'>multis</span> <span class='ocrx_word' id='word_1_170' title='bbox 1286 2685 1320 2746; x_wconf 90' lang='lat' dir='ltr'>et</span> <span class='ocrx_word' id='word_1_171' title='bbox 1335 2680 1434 2746; x_wconf 90' lang='lat' dir='ltr'>variis</span> 
     </span>
     <span class='ocr_line' id='line_1_22' title="bbox 209 2787 1435 2870; baseline -0.003 -14"><span class='ocrx_word' id='word_1_172' title='bbox 209 2796 243 2856; x_wconf 90' lang='lat' dir='ltr'>et</span> <span class='ocrx_word' id='word_1_173' title='bbox 280 2792 413 2857; x_wconf 89' lang='lat' dir='ltr'>remotis</span> <span class='ocrx_word' id='word_1_174' title='bbox 450 2790 641 2857; x_wconf 87' lang='lat' dir='ltr'>lectionibus</span> <span class='ocrx_word' id='word_1_175' title='bbox 679 2794 751 2855; x_wconf 90' lang='lat' dir='ltr'>erat</span> <span class='ocrx_word' id='word_1_176' title='bbox 790 2791 998 2856; x_wconf 89' lang='lat' dir='ltr'>elaboratum.</span> <span class='ocrx_word' id='word_1_177' title='bbox 1057 2788 1143 2853; x_wconf 89' lang='lat' dir='ltr'>Nota</span> <span class='ocrx_word' id='word_1_178' title='bbox 1181 2787 1327 2870; x_wconf 89' lang='lat' dir='ltr'>exempla</span> <span class='ocrx_word' id='word_1_179' title='bbox 1360 2790 1435 2852; x_wconf 91' lang='lat' dir='ltr'>sunt</span> 
     </span>
    </p>
   </div>
   <div class='ocr_carea' id='block_1_4' title="bbox 202 3085 1434 4143">
    <p class='ocr_par' dir='ltr' id='par_1_7' title="bbox 202 3085 1433 3254">
     <span class='ocr_line' id='line_1_23' title="bbox 281 3085 1433 3162; baseline -0.005 -16"><span class='ocrx_word' id='word_1_180' title='bbox 281 3090 318 3162; x_wconf 78' lang='lat'>5³)</span> <span class='ocrx_word' id='word_1_181' title='bbox 335 3090 469 3160; x_wconf 84' lang='lat' dir='ltr'>Exempla</span> <span class='ocrx_word' id='word_1_182' title='bbox 493 3089 594 3160; x_wconf 86' lang='lat' dir='ltr'>passim</span> <span class='ocrx_word' id='word_1_183' title='bbox 617 3092 744 3158; x_wconf 88' lang='lat' dir='ltr'>prostant</span> <span class='ocrx_word' id='word_1_184' title='bbox 767 3087 840 3157; x_wconf 88' lang='lat' dir='ltr'>apud</span> <span class='ocrx_word' id='word_1_185' title='bbox 862 3086 1037 3156; x_wconf 82' lang='lat' dir='ltr'>Stephanum.</span> <span class='ocrx_word' id='word_1_186' title='bbox 1059 3117 1093 3125; x_wconf 94' lang='lat'>—-</span> <span class='ocrx_word' id='word_1_187' title='bbox 1113 3085 1241 3141; x_wconf 82' lang='lat' dir='ltr'>Ceterum</span> <span class='ocrx_word' id='word_1_188' title='bbox 1265 3086 1339 3154; x_wconf 88' lang='lat' dir='ltr'>quod</span> <span class='ocrx_word' id='word_1_189' title='bbox 1363 3101 1384 3142; x_wconf 90' lang='lat' dir='ltr'>s.</span> <span class='ocrx_word' id='word_1_190' title='bbox 1408 3103 1433 3142; x_wconf 85' lang='lat' dir='ltr'>v.</span> 
     </span>
     <span class='ocr_line' id='line_1_24' title="bbox 202 3175 1389 3254; baseline -0.007 -17"><span class='ocrx_word' id='word_1_191' title='bbox 202 3181 324 3254; x_wconf 69' lang='grc' dir='ltr'><strong><em>Ἄργιλος</em></strong></span> <span class='ocrx_word' id='word_1_192' title='bbox 343 3178 367 3247; x_wconf 76' lang='lat' dir='ltr'>‘l</span> <span class='ocrx_word' id='word_1_193' title='bbox 385 3179 452 3252; x_wconf 79' lang='grc' dir='ltr'><strong><em>πρὸς</em></strong></span> <span class='ocrx_word' id='word_1_194' title='bbox 470 3183 508 3252; x_wconf 73' lang='grc' dir='ltr'>τῷ</span> <span class='ocrx_word' id='word_1_195' title='bbox 526 3178 662 3252; x_wconf 78' lang='grc' dir='ltr'><strong><em>Στρυμόνι</em></strong></span> <span class='ocrx_word' id='word_1_196' title='bbox 681 3177 766 3240; x_wconf 64' lang='lat' dir='ltr'>ndtcf’</span> <span class='ocrx_word' id='word_1_197' title='bbox 790 3182 874 3247; x_wconf 86' lang='lat' dir='ltr'>extat,</span> <span class='ocrx_word' id='word_1_198' title='bbox 896 3192 950 3232; x_wconf 91' lang='lat' dir='ltr'>nou</span> <span class='ocrx_word' id='word_1_199' title='bbox 969 3175 1086 3231; x_wconf 87' lang='lat' dir='ltr'>alienum</span> <span class='ocrx_word' id='word_1_200' title='bbox 1104 3191 1121 3230; x_wconf 88' lang='lat' dir='ltr'>a</span> <span class='ocrx_word' id='word_1_201' title='bbox 1137 3175 1288 3231; x_wconf 88' lang='lat' dir='ltr'>lexicorum</span> <span class='ocrx_word' id='word_1_202' title='bbox 1306 3191 1389 3230; x_wconf 88' lang='lat' dir='ltr'>more.</span> 
     </span>
    </p>

    <p class='ocr_par' dir='ltr' id='par_1_8' title="bbox 208 3263 1434 3607">
     <span class='ocr_line' id='line_1_25' title="bbox 280 3263 1434 3338; baseline -0.003 -16"><span class='ocrx_word' id='word_1_203' title='bbox 280 3267 316 3338; x_wconf 77' lang='lat'>54)</span> <span class='ocrx_word' id='word_1_204' title='bbox 337 3269 378 3322; x_wconf 90' lang='lat'>111</span> <span class='ocrx_word' id='word_1_205' title='bbox 397 3271 431 3324; x_wconf 77' lang='lat'>47</span> <span class='ocrx_word' id='word_1_206' title='bbox 451 3268 485 3324; x_wconf 90' lang='lat' dir='ltr'>de</span> <span class='ocrx_word' id='word_1_207' title='bbox 499 3268 600 3324; x_wconf 89' lang='lat' dir='ltr'>Politia</span> <span class='ocrx_word' id='word_1_208' title='bbox 612 3267 736 3323; x_wconf 84' lang='lat' dir='ltr'>Platonis</span> <span class='ocrx_word' id='word_1_209' title='bbox 754 3283 789 3322; x_wconf 88' lang='lat' dir='ltr'>ex</span> <span class='ocrx_word' id='word_1_210' title='bbox 807 3266 927 3322; x_wconf 88' lang='lat' dir='ltr'>secundo</span> <span class='ocrx_word' id='word_1_211' title='bbox 947 3281 971 3321; x_wconf 92' lang='grc'>1.</span> <span class='ocrx_word' id='word_1_212' title='bbox 984 3265 1011 3320; x_wconf 94' lang='lat' dir='ltr'>h.</span> <span class='ocrx_word' id='word_1_213' title='bbox 1029 3265 1100 3320; x_wconf 92' lang='lat' dir='ltr'>libro</span> <span class='ocrx_word' id='word_1_214' title='bbox 1113 3264 1241 3320; x_wconf 88' lang='grc'><strong>11111111.</strong></span> <span class='ocrx_word' id='word_1_215' title='bbox 1269 3263 1434 3334; x_wconf 72' lang='lat' dir='ltr'>corruptum</span> 
     </span>
     <span class='ocr_line' id='line_1_26' title="bbox 208 3353 1434 3428; baseline -0.004 -13"><span class='ocrx_word' id='word_1_216' title='bbox 208 3370 232 3415; x_wconf 80' lang='lat' dir='ltr'><strong><em>B</em></strong></span> <span class='ocrx_word' id='word_1_217' title='bbox 250 3376 285 3415; x_wconf 88' lang='lat' dir='ltr'>ex</span> <span class='ocrx_word' id='word_1_218' title='bbox 302 3367 329 3414; x_wconf 83' lang='grc' dir='ltr'><em>Η</em></span> <span class='ocrx_word' id='word_1_219' title='bbox 344 3358 398 3414; x_wconf 84' lang='lat' dir='ltr'>iam</span> <span class='ocrx_word' id='word_1_220' title='bbox 417 3357 446 3413; x_wconf 82' lang='lat'>0.</span> <span class='ocrx_word' id='word_1_221' title='bbox 465 3357 599 3413; x_wconf 89' lang='lat' dir='ltr'>Muellero</span> <span class='ocrx_word' id='word_1_222' title='bbox 627 3357 671 3428; x_wconf 82' lang='lat' dir='ltr'>[F.</span> <span class='ocrx_word' id='word_1_223' title='bbox 690 3357 725 3411; x_wconf 91' lang='grc' dir='ltr'>Η.</span> <span class='ocrx_word' id='word_1_224' title='bbox 745 3357 777 3412; x_wconf 83' lang='grc'>(1.</span> <span class='ocrx_word' id='word_1_225' title='bbox 796 3355 838 3409; x_wconf 95' lang='grc' dir='ltr'>ΙΠ</span> <span class='ocrx_word' id='word_1_226' title='bbox 855 3372 882 3425; x_wconf 89' lang='lat' dir='ltr'>p.</span> <span class='ocrx_word' id='word_1_227' title='bbox 895 3357 961 3426; x_wconf 79' lang='lat'>580]</span> <span class='ocrx_word' id='word_1_228' title='bbox 983 3355 1138 3411; x_wconf 85' lang='lat' dir='ltr'>ridebatur.</span> <span class='ocrx_word' id='word_1_229' title='bbox 1169 3353 1250 3410; x_wconf 78' lang='lat' dir='ltr'>Certe</span> <span class='ocrx_word' id='word_1_230' title='bbox 1268 3354 1322 3410; x_wconf 90' lang='lat' dir='ltr'>nisi</span> <span class='ocrx_word' id='word_1_231' title='bbox 1340 3354 1434 3424; x_wconf 83' lang='lat' dir='ltr'>ignota</span> 
     </span>
     <span class='ocr_line' id='line_1_27' title="bbox 209 3443 1433 3521; baseline -0.005 -15"><span class='ocrx_word' id='word_1_232' title='bbox 209 3450 326 3521; x_wconf 87' lang='lat' dir='ltr'>quadam</span> <span class='ocrx_word' id='word_1_233' title='bbox 347 3447 490 3504; x_wconf 89' lang='lat' dir='ltr'>occasione</span> <span class='ocrx_word' id='word_1_234' title='bbox 512 3447 581 3502; x_wconf 91' lang='lat' dir='ltr'>illud</span> <span class='ocrx_word' id='word_1_235' title='bbox 606 3452 784 3502; x_wconf 88' lang='lat' dir='ltr'>memoratum</span> <span class='ocrx_word' id='word_1_236' title='bbox 807 3461 866 3501; x_wconf 87' lang='lat' dir='ltr'>esse</span> <span class='ocrx_word' id='word_1_237' title='bbox 890 3446 1015 3515; x_wconf 87' lang='lat' dir='ltr'>sumitur,</span> <span class='ocrx_word' id='word_1_238' title='bbox 1040 3459 1102 3499; x_wconf 93' lang='lat' dir='ltr'>cum</span> <span class='ocrx_word' id='word_1_239' title='bbox 1119 3444 1196 3499; x_wconf 87' lang='lat' dir='ltr'>nulla</span> <span class='ocrx_word' id='word_1_240' title='bbox 1214 3443 1322 3500; x_wconf 89' lang='lat' dir='ltr'>omnino</span> <span class='ocrx_word' id='word_1_241' title='bbox 1341 3444 1433 3514; x_wconf 89' lang='lat' dir='ltr'>dispo·</span> 
     </span>
     <span class='ocr_line' id='line_1_28' title="bbox 208 3535 865 3607; baseline -0.012 -12"><span class='ocrx_word' id='word_1_242' title='bbox 208 3539 307 3595; x_wconf 76' lang='lat' dir='ltr'>uitione</span> <span class='ocrx_word' id='word_1_243' title='bbox 327 3542 463 3607; x_wconf 83' lang='lat' dir='ltr'>quotquot</span> <span class='ocrx_word' id='word_1_244' title='bbox 481 3535 647 3606; x_wconf 88' lang='lat' dir='ltr'>periclitaris</span> <span class='ocrx_word' id='word_1_245' title='bbox 666 3535 865 3591; x_wconf 83' lang='lat' dir='ltr'>conciliabitur.</span> 
     </span>
    </p>

    <p class='ocr_par' dir='ltr' id='par_1_9' title="bbox 207 3622 1434 4143">
     <span class='ocr_line' id='line_1_29' title="bbox 283 3622 1433 3699; baseline -0.003 -18"><span class='ocrx_word' id='word_1_246' title='bbox 283 3627 321 3699; x_wconf 90' lang='grc'>55)</span> <span class='ocrx_word' id='word_1_247' title='bbox 340 3627 419 3695; x_wconf 78' lang='lat' dir='ltr'>Quod</span> <span class='ocrx_word' id='word_1_248' title='bbox 440 3625 545 3682; x_wconf 85' lang='lat' dir='ltr'>Gellius</span> <span class='ocrx_word' id='word_1_249' title='bbox 569 3625 597 3680; x_wconf 93' lang='lat' dir='ltr'>in</span> <span class='ocrx_word' id='word_1_250' title='bbox 620 3625 792 3694; x_wconf 85' lang='lat' dir='ltr'>praefatione</span> <span class='ocrx_word' id='word_1_251' title='bbox 815 3641 839 3680; x_wconf 93' lang='lat' dir='ltr'>o.</span> <span class='ocrx_word' id='word_1_252' title='bbox 857 3624 885 3679; x_wconf 92' lang='lat' dir='ltr'>h.</span> <span class='ocrx_word' id='word_1_253' title='bbox 913 3624 985 3679; x_wconf 90' lang='lat' dir='ltr'>iuter</span> <span class='ocrx_word' id='word_1_254' title='bbox 1004 3624 1096 3679; x_wconf 84' lang='lat' dir='ltr'>variae</span> <span class='ocrx_word' id='word_1_255' title='bbox 1116 3628 1144 3678; x_wconf 90' lang='lat' dir='ltr'>et</span> <span class='ocrx_word' id='word_1_256' title='bbox 1166 3623 1303 3678; x_wconf 87' lang='lat' dir='ltr'>miscellae</span> <span class='ocrx_word' id='word_1_257' title='bbox 1331 3622 1433 3677; x_wconf 89' lang='lat' dir='ltr'>doctri-</span> 
     </span>
     <span class='ocr_line' id='line_1_30' title="bbox 207 3710 1434 3787; baseline -0.007 -13"><span class='ocrx_word' id='word_1_258' title='bbox 207 3733 257 3774; x_wconf 89' lang='lat' dir='ltr'>nae</span> <span class='ocrx_word' id='word_1_259' title='bbox 270 3715 460 3787; x_wconf 85' lang='lat' dir='ltr'>promptuaria</span> <span class='ocrx_word' id='word_1_260' title='bbox 477 3715 624 3786; x_wconf 85' lang='lat' dir='ltr'>recensuit,</span> <span class='ocrx_word' id='word_1_261' title='bbox 642 3731 697 3770; x_wconf 94' lang='lat' dir='ltr'>non</span> <span class='ocrx_word' id='word_1_262' title='bbox 716 3715 750 3770; x_wconf 93' lang='lat' dir='ltr'>de</span> <span class='ocrx_word' id='word_1_263' title='bbox 762 3713 857 3770; x_wconf 90' lang='grc'><strong>111111</strong></span> <span class='ocrx_word' id='word_1_264' title='bbox 876 3712 940 3770; x_wconf 90' lang='lat' dir='ltr'>libri</span> <span class='ocrx_word' id='word_1_265' title='bbox 959 3713 1146 3783; x_wconf 85' lang='lat' dir='ltr'>accipiendum</span> <span class='ocrx_word' id='word_1_266' title='bbox 1159 3717 1209 3768; x_wconf 84' lang='lat' dir='ltr'>est.</span> <span class='ocrx_word' id='word_1_267' title='bbox 1237 3710 1342 3768; x_wconf 89' lang='lat' dir='ltr'>Ibidem</span> <span class='ocrx_word' id='word_1_268' title='bbox 1361 3711 1434 3766; x_wconf 90' lang='lat' dir='ltr'>enim</span> 
     </span>
     <span class='ocr_line' id='line_1_31' title="bbox 207 3800 1434 3880; baseline -0.006 -19"><span class='ocrx_word' id='word_1_269' title='bbox 207 3806 306 3880; x_wconf 72' lang='grc' dir='ltr'><em>λειμών</em></span> <span class='ocrx_word' id='word_1_270' title='bbox 324 3805 459 3874; x_wconf 87' lang='lat' dir='ltr'>Pamphili</span> <span class='ocrx_word' id='word_1_271' title='bbox 477 3803 611 3860; x_wconf 88' lang='lat' dir='ltr'>inluditur</span> <span class='ocrx_word' id='word_1_272' title='bbox 629 3805 664 3861; x_wconf 87' lang='lat' dir='ltr'>ad</span> <span class='ocrx_word' id='word_1_273' title='bbox 682 3804 867 3860; x_wconf 84' lang='lat' dir='ltr'>litteraturam</span> <span class='ocrx_word' id='word_1_274' title='bbox 886 3803 1045 3873; x_wconf 87' lang='lat' dir='ltr'>dispositus.</span> <span class='ocrx_word' id='word_1_275' title='bbox 1059 3835 1094 3842; x_wconf 99' lang='lat'>—</span> <span class='ocrx_word' id='word_1_276' title='bbox 1108 3801 1236 3858; x_wconf 78' lang='lat' dir='ltr'>Ceterum</span> <span class='ocrx_word' id='word_1_277' title='bbox 1256 3800 1434 3870; x_wconf 83' lang='lat' dir='ltr'>‘omnigenam</span> 
     </span>
     <span class='ocr_line' id='line_1_32' title="bbox 207 3891 1433 3968; baseline -0.007 -16"><span class='ocrx_word' id='word_1_278' title='bbox 207 3896 298 3968; x_wconf 84' lang='lat' dir='ltr'>hyleu’</span> <span class='ocrx_word' id='word_1_279' title='bbox 318 3895 480 3965; x_wconf 83' lang='lat' dir='ltr'>octingentis</span> <span class='ocrx_word' id='word_1_280' title='bbox 497 3894 577 3950; x_wconf 88' lang='lat' dir='ltr'>libris</span> <span class='ocrx_word' id='word_1_281' title='bbox 591 3893 635 3966; x_wconf 84' lang='grc'><strong>[11.</strong></span> <span class='ocrx_word' id='word_1_282' title='bbox 650 3893 762 3950; x_wconf 87' lang='lat' dir='ltr'>Sueten.</span> <span class='ocrx_word' id='word_1_283' title='bbox 775 3894 809 3950; x_wconf 87' lang='lat' dir='ltr'>de</span> <span class='ocrx_word' id='word_1_284' title='bbox 822 3909 932 3963; x_wconf 82' lang='lat' dir='ltr'>gramm.</span> <span class='ocrx_word' id='word_1_285' title='bbox 948 3892 993 3961; x_wconf 89' lang='grc'>10]</span> <span class='ocrx_word' id='word_1_286' title='bbox 1013 3893 1134 3948; x_wconf 88' lang='lat' dir='ltr'>Ateius</span> <span class='ocrx_word' id='word_1_287' title='bbox 1153 3891 1353 3960; x_wconf 85' lang='lat' dir='ltr'>Philologus</span> <span class='ocrx_word' id='word_1_288' title='bbox 1368 3904 1433 3954; x_wconf 85' lang='lat' dir='ltr'>cou-</span> 
     </span>
     <span class='ocr_line' id='line_1_33' title="bbox 207 3979 1433 4055; baseline -0.006 -14"><span class='ocrx_word' id='word_1_289' title='bbox 207 3986 288 4055; x_wconf 85' lang='lat' dir='ltr'>fecit,</span> <span class='ocrx_word' id='word_1_290' title='bbox 306 3985 386 4041; x_wconf 89' lang='lat' dir='ltr'>libris</span> <span class='ocrx_word' id='word_1_291' title='bbox 404 3983 503 4053; x_wconf 82' lang='lat' dir='ltr'>viginti</span> <span class='ocrx_word' id='word_1_292' title='bbox 522 3987 653 4053; x_wconf 88' lang='lat' dir='ltr'>quattuor</span> <span class='ocrx_word' id='word_1_293' title='bbox 670 3983 868 4039; x_wconf 82' lang='lat' dir='ltr'>Alexander</span> <span class='ocrx_word' id='word_1_294' title='bbox 887 3981 1099 4052; x_wconf 84' lang='lat' dir='ltr'>Gotyacusis</span> <span class='ocrx_word' id='word_1_295' title='bbox 1124 3983 1232 4052; x_wconf 87' lang='lat' dir='ltr'>[Steph.</span> <span class='ocrx_word' id='word_1_296' title='bbox 1251 3997 1272 4036; x_wconf 88' lang='lat' dir='ltr'>s.</span> <span class='ocrx_word' id='word_1_297' title='bbox 1291 3979 1433 4035; x_wconf 69' lang='grc'><strong>111111·</strong></span> 
     </span>
     <span class='ocr_line' id='line_1_34' title="bbox 208 4069 1432 4143; baseline -0.005 -11"><span class='ocrx_word' id='word_1_298' title='bbox 208 4097 264 4132; x_wconf 75' lang='lat' dir='ltr'>ucv</span> <span class='ocrx_word' id='word_1_299' title='bbox 287 4075 321 4130; x_wconf 85' lang='lat' dir='ltr'>cf.</span> <span class='ocrx_word' id='word_1_300' title='bbox 340 4074 429 4130; x_wconf 83' lang='lat' dir='ltr'>Lehrs</span> <span class='ocrx_word' id='word_1_301' title='bbox 452 4078 557 4142; x_wconf 87' lang='lat' dir='ltr'>quaest.</span> <span class='ocrx_word' id='word_1_302' title='bbox 580 4072 649 4143; x_wconf 87' lang='lat' dir='ltr'>epic.</span> <span class='ocrx_word' id='word_1_303' title='bbox 666 4090 693 4143; x_wconf 90' lang='lat' dir='ltr'>p.</span> <span class='ocrx_word' id='word_1_304' title='bbox 712 4075 737 4130; x_wconf 84' lang='lat'>8.</span> <span class='ocrx_word' id='word_1_305' title='bbox 774 4071 902 4128; x_wconf 83' lang='lat' dir='ltr'>Mainake</span> <span class='ocrx_word' id='word_1_306' title='bbox 921 4071 990 4128; x_wconf 87' lang='lat' dir='ltr'>anal.</span> <span class='ocrx_word' id='word_1_307' title='bbox 1009 4072 1088 4128; x_wconf 86' lang='lat' dir='ltr'>Alex.</span> <span class='ocrx_word' id='word_1_308' title='bbox 1105 4089 1133 4141; x_wconf 91' lang='lat' dir='ltr'>p.</span> <span class='ocrx_word' id='word_1_309' title='bbox 1153 4071 1197 4143; x_wconf 83' lang='lat'>16]</span> <span class='ocrx_word' id='word_1_310' title='bbox 1216 4069 1347 4126; x_wconf 82' lang='lat' dir='ltr'>Favorini</span> <span class='ocrx_word' id='word_1_311' title='bbox 1364 4075 1432 4140; x_wconf 94' lang='lat' dir='ltr'>puto</span> 
     </span>
    </p>
   </div>
   <div class='ocr_carea' id='block_1_5' title="bbox 208 4162 1431 4319">
    <p class='ocr_par' dir='ltr' id='par_1_10' title="bbox 208 4162 1431 4319">
     <span class='ocr_line' id='line_1_35' title="bbox 208 4162 509 4234; baseline -0.017 -13"><span class='ocrx_word' id='word_1_312' title='bbox 208 4164 360 4234; x_wconf 88' lang='lat' dir='ltr'>exemplum</span> <span class='ocrx_word' id='word_1_313' title='bbox 378 4162 509 4218; x_wconf 88' lang='lat' dir='ltr'>imitatus.</span> 
     </span>
     <span class='ocr_line' id='line_1_36' title="bbox 278 4244 1431 4319; baseline -0.003 -15"><span class='ocrx_word' id='word_1_314' title='bbox 278 4248 316 4319; x_wconf 80' lang='lat'>⁵⁶)</span> <span class='ocrx_word' id='word_1_315' title='bbox 334 4248 536 4319; x_wconf 85' lang='lat' dir='ltr'>Aequalitatem</span> <span class='ocrx_word' id='word_1_316' title='bbox 554 4249 686 4304; x_wconf 89' lang='lat' dir='ltr'>librorum</span> <span class='ocrx_word' id='word_1_317' title='bbox 703 4249 816 4303; x_wconf 91' lang='lat' dir='ltr'>nimium</span> <span class='ocrx_word' id='word_1_318' title='bbox 834 4249 862 4303; x_wconf 93' lang='lat' dir='ltr'>iu</span> <span class='ocrx_word' id='word_1_319' title='bbox 874 4248 984 4303; x_wconf 90' lang='lat' dir='ltr'>modum</span> <span class='ocrx_word' id='word_1_320' title='bbox 1001 4246 1105 4302; x_wconf 88' lang='lat' dir='ltr'>laesam</span> <span class='ocrx_word' id='word_1_321' title='bbox 1118 4246 1206 4302; x_wconf 85' lang='lat' dir='ltr'>videri</span> <span class='ocrx_word' id='word_1_322' title='bbox 1224 4245 1292 4299; x_wconf 90' lang='lat' dir='ltr'>mihi</span> <span class='ocrx_word' id='word_1_323' title='bbox 1311 4244 1431 4300; x_wconf 89' lang='lat' dir='ltr'>obicies:</span> 
     </span>
    </p>
   </div>
   <div class='ocr_carea' id='block_1_6' title="bbox 207 4333 1432 4499">
    <p class='ocr_par' dir='ltr' id='par_1_11' title="bbox 207 4333 1432 4499">
     <span class='ocr_line' id='line_1_37' title="bbox 207 4333 1431 4406; baseline -0.003 -12"><span class='ocrx_word' id='word_1_324' title='bbox 207 4337 351 4394; x_wconf 85' lang='lat' dir='ltr'>nonnullas</span> <span class='ocrx_word' id='word_1_325' title='bbox 369 4339 441 4394; x_wconf 90' lang='lat' dir='ltr'>enim</span> <span class='ocrx_word' id='word_1_326' title='bbox 458 4337 567 4394; x_wconf 86' lang='lat' dir='ltr'>litteras</span> <span class='ocrx_word' id='word_1_327' title='bbox 585 4343 616 4393; x_wconf 92' lang='lat' dir='ltr'>ut</span> <span class='ocrx_word' id='word_1_328' title='bbox 635 4347 663 4392; x_wconf 83' lang='lat' dir='ltr'>X</span> <span class='ocrx_word' id='word_1_329' title='bbox 681 4343 709 4394; x_wconf 89' lang='grc'>11</span> <span class='ocrx_word' id='word_1_330' title='bbox 728 4348 752 4392; x_wconf 80' lang='lat' dir='ltr'>Y</span> <span class='ocrx_word' id='word_1_331' title='bbox 765 4338 806 4394; x_wconf 87' lang='lat' dir='ltr'>ita</span> <span class='ocrx_word' id='word_1_332' title='bbox 823 4339 891 4394; x_wconf 89' lang='lat' dir='ltr'>haut</span> <span class='ocrx_word' id='word_1_333' title='bbox 909 4337 1025 4392; x_wconf 89' lang='lat' dir='ltr'>multum</span> <span class='ocrx_word' id='word_1_334' title='bbox 1040 4335 1121 4406; x_wconf 86' lang='lat' dir='ltr'>spatii</span> <span class='ocrx_word' id='word_1_335' title='bbox 1134 4336 1318 4406; x_wconf 82' lang='lat' dir='ltr'>completuros</span> <span class='ocrx_word' id='word_1_336' title='bbox 1337 4333 1431 4406; x_wconf 79' lang='lat' dir='ltr'>fuisse,</span> 
     </span>
     <span class='ocr_line' id='line_1_38' title="bbox 207 4423 1432 4499; baseline -0.004 -16"><span class='ocrx_word' id='word_1_337' title='bbox 207 4429 303 4499; x_wconf 84' lang='lat' dir='ltr'>iugens</span> <span class='ocrx_word' id='word_1_338' title='bbox 322 4443 389 4483; x_wconf 87' lang='lat' dir='ltr'>vero</span> <span class='ocrx_word' id='word_1_339' title='bbox 406 4436 432 4484; x_wconf 82' lang='lat' dir='ltr'><em>A</em></span> <span class='ocrx_word' id='word_1_340' title='bbox 451 4434 479 4484; x_wconf 87' lang='lat' dir='ltr'>et</span> <span class='ocrx_word' id='word_1_341' title='bbox 496 4427 617 4485; x_wconf 74' lang='lat' dir='ltr'>malias.</span> <span class='ocrx_word' id='word_1_342' title='bbox 648 4427 736 4485; x_wconf 82' lang='lat' dir='ltr'>Credo</span> <span class='ocrx_word' id='word_1_343' title='bbox 750 4428 877 4498; x_wconf 89' lang='lat' dir='ltr'>equidem</span> <span class='ocrx_word' id='word_1_344' title='bbox 889 4441 945 4484; x_wconf 91' lang='lat' dir='ltr'>non</span> <span class='ocrx_word' id='word_1_345' title='bbox 963 4425 1030 4482; x_wconf 86' lang='lat' dir='ltr'>satis</span> <span class='ocrx_word' id='word_1_346' title='bbox 1049 4425 1139 4482; x_wconf 84' lang='lat' dir='ltr'>valere</span> <span class='ocrx_word' id='word_1_347' title='bbox 1158 4425 1228 4482; x_wconf 89' lang='lat' dir='ltr'>hanc</span> <span class='ocrx_word' id='word_1_348' title='bbox 1248 4423 1432 4482; x_wconf 87' lang='lat' dir='ltr'>offensionem.</span> 
     </span>
    </p>
   </div>
   <div class='ocr_carea' id='block_1_7' title="bbox 0 0 1762 5272">
    <p class='ocr_par' dir='ltr' id='par_1_12' title="bbox 0 0 1762 5272">
     <span class='ocr_line' id='line_1_39' title="bbox 0 0 1762 5272; baseline 0 1"><span class='ocrx_word' id='word_1_349' title='bbox 0 0 1762 5272; x_wconf 95' lang='lat' dir='ltr'> </span> 
     </span>
    </p>
   </div>
  </div>
 </body>
</html>
