3506 5272
1380 473 1440 540 131

148 651 151 656 ¹
225 656 301 721 diss,
318 654 435 722 hom.I
457 675 487 738 p.
506 653 584 738 212]
608 653 661 718 ἐπὶ
683 652 827 738 μαλακίᾳ
852 651 1048 738 διεβάλλετο,
1071 652 1137 716 καὶ
1159 635 1272 717 ἄλλοι
1294 653 1441 734 πολλοί.

225 764 297 830 Non
320 763 402 829 dixit
425 764 465 829 de
487 763 541 843 iis,
567 781 701 845 quorum
724 761 835 827 comici
857 760 1045 846 meminere,
1072 779 1183 827 verum
1205 761 1239 825 in
1261 762 1443 827 universum

225 869 264 936 de
291 869 500 954 homonymis.
555 869 626 935 Soio
660 869 740 934 haec
775 869 843 935 sine
878 873 1027 934 accurata
1062 867 1254 934 scholiorum
1287 871 1443 952 pervesti-

225 978 354 1060 gatione
386 979 427 1044 ad
460 978 616 1061 liquidum
649 995 810 1058 nunquam
844 975 976 1059 perduci
1004 993 1114 1058 posse3
1150 995 1247 1041 unum
1282 976 1443 1042 addidisse

225 1084 347 1167 placet,
384 1086 620 1169 coniungendos
656 1103 727 1151 esse
761 1084 882 1150 indices
919 1082 1111 1149 scholiastae
1139 1102 1209 1149 cum
1238 1085 1354 1149 ceteris
1389 1083 1445 1166 qui

226 1198 398 1275 supersunt
420 1194 619 1277 maximeque
642 1192 837 1273 LaertIanis,
867 1191 962 1274 idque
986 1209 1023 1255 eo
1047 1189 1164 1272 magis,
1189 1190 1445 1274 quandoquidem

224 1300 421 1383 biographus
437 1301 628 1367 Laertianus
652 1301 693 1366 ad
717 1300 907 1366 comicorum
930 1298 1114 1365 testimonia
1137 1298 1309 1364 adamabat
1331 1317 1445 1380 provo·

226 1428 312 1475 care:
343 1408 487 1475 conferas
515 1409 609 1475 modo
632 1408 777 1474 Platonis
804 1408 903 1474 vitam
932 1412 965 1473 et
989 1406 1140 1472 Socratis
1186 1407 1250 1472 Fac
1273 1426 1350 1473 vcra
1373 1425 1445 1472 esse

226 1535 308 1599 quae
332 1518 408 1582 dixi:
433 1516 604 1583 habebitur
627 1521 754 1598 tempus
777 1534 839 1598 quo
863 1514 1041 1581 scholiain
1064 1514 1312 1596 Aristophanem
1334 1520 1445 1581 vetera

228 1624 404 1707 composita
432 1630 506 1691 sunt
537 1625 683 1707 angustis
707 1623 852 1689 terminis
876 1623 1159 1704 circumscriptum.
1208 1623 1338 1690 (lartum
1362 1623 1445 1689 enim

227 1737 285 1814 cst,
310 1733 395 1815 quod
410 1733 443 1798 in
459 1733 686 1799 dissertatione
711 1733 760 1797 ‘dc
778 1730 970 1824 Sibyllarum
985 1730 1152 1796 indicibus’
1177 1751 1208 1813 p.
1227 1734 1246 1796 2
1270 1750 1301 1795 n.
1320 1731 1443 1812 scripsi,

226 1841 423 1922 prompsisse
457 1859 497 1906 ex
531 1839 659 1906 scholiis
687 1839 856 1904 Aelianum
886 1837 938 1921 [cf.
969 1839 1066 1904 etiam
1095 1838 1131 1905 V.
1162 1838 1202 1904 H.
1231 1838 1318 1920 XIII,
1342 1842 1381 1902 17
1412 1843 1446 1904 et

228 1948 325 2014 schol.
358 1949 391 2015 in
419 1967 507 2031 resp.
535 1947 649 2033 149013
681 1948 873 2014 addiscimus
896 1964 980 2012 nunc
1001 1945 1214 2027 biographum
1237 1946 1445 2012 Laertianum
1523 1937 1525 1944 '

227 2054 391 2122 Hadriano
415 2056 582 2139 aequalem
605 2055 899 2155 interflsehoHastae
914 2053 1019 2121 sontes
1035 2049 1443 2134 essenumerandum1⁴⁵·).

678 2339 708 2396 6.
726 2341 770 2396 lle
788 2339 998 2427 AeschInibuS.

317 2485 504 2569 Apollonius
529 2503 600 2550 cum
622 2483 789 2549 Aeschinis
806 2483 1012 2549 Atheniensis
1035 2483 1134 2548 vitam
1158 2486 1334 2562 enarraret,
1351 2481 1446 2546 Eleu-

228 2595 302 2658 sinii
339 2595 533 2659 mentionem
571 2593 681 2658 iniecit
719 2591 858 2657 rhetoris
898 2590 1080 2672 homonymi
1119 2589 1302 2672 [biographi
1337 2590 1444 2670 graeci

226 2701 365 2766 minores
394 2701 442 2766 ed.
478 2701 711 2766 Westermann.
747 2719 778 2781 p.
805 2700 868 2764 266
892 2697 967 2780 sq.]:
997 2687 1039 2783 ἤν
1061 2689 1099 2762 δὲ
1127 2701 1182 2759 καὶ
1210 2699 1315 2782 ἕτερος
1342 2694 1445 2782 ῥητωρ

227 2810 381 2894 Αἰσχίνης
397 2802 602 2888 Ἐλευσίνιος,
632 2806 666 2881 ὃς
689 2804 746 2870 καὶ
769 2809 887 2888 τέχνας
905 2805 1029 2886 λέγεται
1053 2803 1219 2891 ῥητορικὰς
1239 2806 1443 2889 γεγραφέναι.
1519 2888 1523 2901 ⁸

227 2915 348 2983 Eadem
382 2920 417 2981 at
450 2915 574 2980 minora
607 2915 756 2980 Laertius
782 2913 881 2990 1164
910 2913 1058 2980 tradidit:
1095 2910 1239 2997 δεύτερος
1268 2909 1444 2995 [Αἰσχίνης]

228 3019 245 3088 ὃ
266 3026 324 3098 τας
346 3025 462 3104 τέχνας
483 3019 651 3109 γεγραφώς
673 3019 732 3096 τοὶς
755 3019 930 3108 ῥητορικάς.
966 3020 1016 3085 Ad
1037 3019 1249 3101 biographum
1264 3018 1300 3083 L.
1324 3016 1446 3082 referre

226 3131 430 3213 Apollonium
460 3148 643 3213 possumne,
680 3134 715 3195 at
748 3147 812 3195 non
840 3130 995 3211 cogimur:
1035 3132 1181 3194 vetamur
1209 3126 1268 3191 hac
1295 3125 1446 3191 Wilamo·

226 3239 323 3305 witzii
349 3239 595 3305 ratiocinatione
617 3237 733 3304 Photio
766 3238 834 3302 cod.
860 3237 902 3301 64
926 3237 1043 3302 innixa.
1090 3235 1122 3300 Is
1146 3233 1276 3316 scripsit
1301 3229 1370 3300 ‘aba
1392 3232 1446 3314 ἐγ-

226 3351 326 3434 κρίνει
352 3347 388 3412 δὲ
417 3345 489 3432 [τὸν
513 3344 679 3432 Δηλιακὸν
705 3342 816 3430 λόγον]
841 3340 859 3410 ὁ
882 3344 1047 3419 Καικίλιος
1069 3339 1140 3407 ἀλλ’
1165 3344 1322 3427 Αἰσχίνην
1345 3341 1446 3407 ἄλλον

227 3453 404 3542 σύχχρονον
431 3454 524 3521 τοῦδε
548 3451 734 3537 Ἀθηναῖον
762 3453 821 3519 τὸν
849 3456 975 3537 πατέρα
1004 3454 1090 3517 εἶναι
1118 3448 1298 3528 τοῦλόγου
1322 3446 1445 3534 φησίν,

227 3563 295 3628 scil.
323 3562 530 3628 Eleusinium.
584 3561 741 3627 Caecilius
775 3561 875 3643 igitur
909 3562 942 3626 in
970 3560 1037 3625 vita
1065 3558 1232 3625 Aeschinis
1262 3557 1445 3640 ibidemque

226 3668 415 3752 Apollonius
442 3667 641 3734 Eleusiniam
670 3672 944 3748 memoraverunt,
980 3668 1163 3748 pendetque
1191 3666 1224 3730 in
1252 3664 1397 3746 plurimis
1426 3683 1446 3728 a

228 3777 365 3843 Caecilio
388 3775 577 3858 Apollonius
606 3774 708 3859 [velut
735 3776 768 3840 in
797 3773 1059 3841 antecedentibus
1084 3771 1121 3838 ci.
1146 3772 1315 3838 Westerm.
1341 3770 1469 3854 adn.]:¹

226 3889 373 3951 tenemus
396 3884 558 3966 Apollonii
586 3883 718 3949 indiculi
742 3889 905 3949 auctorem
929 3882 1109 3948 CaecilIum.
1159 3881 1299 3959 Quocum
1323 3879 1446 3946 Laertii

228 3993 392 4075 catalogus
424 3991 573 4075 quoniam
607 3990 731 4056 vinculo
760 3991 898 4073 quodam
929 3988 1094 4069 cohaeret,
1129 3987 1326 4070 biographus
1349 3988 1446 4052 Laer-

226 4102 335 4167 tianus
357 4104 394 4167 ut
416 4100 615 4165 Demetrium
638 4098 821 4180 Magnetem
850 4104 884 4165 et
905 4099 1111 4164 Polemonem
1138 4096 1186 4161 ita
1209 4095 1381 4162 Caecilium
1405 4095 1447 4162 ad

228 4207 461 4290 componendos
485 4207 688 4289 cognomines
711 4206 928 4288 adsumpsisse
952 4203 1127 4270 censendus
1151 4208 1210 4269 est.

299 4348 367 4419 raca)
385 4348 462 4420 vixit
486 4348 571 4418 igitur
594 4347 742 4404 scholiasta
766 4346 996 4418 —Symmachus
1022 4375 1053 4385 -
1079 4349 1142 4402 ante
1161 4343 1305 4399 Aelianum
1329 4349 1358 4399 at
1383 4350 1446 4414 poet
1501 4351 1503 4356 '

227 4437 406 4510 biographum
424 4438 600 4494 Laertianunn
617 4439 635 4497 i.
654 4455 678 4495 e.
698 4455 720 4495 c.
744 4440 884 4495 llo-200
901 4455 925 4508 p.
948 4437 1011 4492 (lhr.
1029 4451 1055 4491 n.

1252 4525 1285 4580 9*
