3516 5272
357 467 399 530 10

315 641 317 644 ’
354 642 500 724 Dionysii
523 640 754 705 Metathemeni
785 645 818 704 et
847 641 934 704 vitae
964 645 998 704 et
1025 642 1155 706 decreta
1179 659 1250 705 cum
1273 641 1410 706 Zenonis
1438 641 1579 723 philoso-

353 749 431 831 phia
454 754 490 814 ut
513 744 708 833 ἑτεροδόξων
731 750 839 811 essent
868 746 1050 826 coniuncta,
1080 748 1113 811 in
1146 737 1193 812 ea
1212 748 1297 812 idem
1325 748 1440 812 cadere
1467 749 1577 828 voluit,

353 855 547 938 praesertim
564 873 634 919 cum
654 854 724 934 ipse
741 853 773 917 in
791 854 952 919 Aristonis
968 855 1035 919 vita
1052 856 1206 920 citaretur
1222 855 1350 920 Diocles
1359 853 1394 936 ³).
1427 855 1578 920 Attamen

354 965 393 1028 de
422 964 577 1028 librorum
606 965 639 1026 et
666 960 928 1043 homonymorum
960 962 1115 1044 catalogis
1149 982 1217 1027 rem
1253 963 1300 1028 ita
1333 962 1473 1027 nondum
1508 981 1579 1028 esse

354 1075 474 1136 certam
498 1074 532 1134 et
555 1068 748 1147 absolutam3
773 1067 946 1134 fortasse
969 1074 1123 1151 utrosque
1139 1070 1352 1151 excipiendos.
1378 1105 1419 1116 —·-
1444 1069 1580 1135 Univer-

354 1197 422 1244 sam
438 1178 476 1242 de
493 1176 604 1241 Diocle
622 1176 815 1241 sententiam
831 1181 1020 1258 argumento
1037 1175 1219 1242 confirmari
1235 1178 1375 1242 omnium
1397 1176 1579 1242 firmissimo

354 1285 391 1350 ci.
417 1284 478 1349 VII
504 1285 566 1348 160
589 1284 692 1348 ταῦτα
715 1286 775 1367 μὲν
798 1288 852 1346 καὶ
876 1281 916 1347 τὰ
940 1283 1061 1366 φυσικοὶ
1082 1282 1119 1347 τὸ
1143 1280 1220 1349 ὅσον
1243 1282 1319 1368 ἡμίν
1342 1281 1580 1370 ἆποχρηστικοίς

354 1391 438 1473 ἔχειν
477 1391 567 1454 δοκεῖ
606 1391 852 1473 στοχαζομένοις
894 1395 949 1475 τῆς
991 1395 1185 1474 συμμετρίας
1222 1394 1278 1456 τοῦ
1320 1389 1578 1474 συγγράμματος.

354 1499 520 1565 Laertium
555 1496 606 1560 ἐπ’
641 1493 816 1584 αὐτοφώρῳ
856 1499 897 1562 ad
934 1499 1066 1564 verbum
1105 1499 1339 1564 describentem
1371 1499 1581 1564 Nietzscheus

354 1606 512 1687 gloriatur
535 1623 569 1669 ss
593 1604 852 1685 deprehendisse,
878 1606 967 1671 cuius
990 1605 1065 1670 libri
1089 1607 1274 1688 symmetria
1297 1606 1419 1671 stoicae
1439 1605 1580 1686 philoso-

353 1712 449 1794 phiae
473 1712 595 1776 ambitu
618 1711 824 1776 vehementer
848 1717 934 1776 esset
956 1713 1058 1777 laesa:
1083 1714 1233 1777 nimirum
1257 1713 1355 1777 editio
1373 1711 1486 1777 Cobeti
1509 1731 1580 1777 earn

353 1819 480 1902 paginis
509 1819 732 1900 complectitur
754 1818 876 1897 XXVI,
907 1837 977 1883 cum
1000 1819 1145 1885 Platonis
1172 1825 1206 1885 et
1228 1820 1420 1886 Academiae
1450 1821 1581 1885 decreta

352 1929 413 2006 Ill,
439 1926 624 1992 Aristotelis
648 1926 694 2005 Π,
719 1925 923 2007 Pythagorae
946 1927 989 2005 V,
1015 1926 1189 2009 Pyrrhonis
1212 1928 1273 1992 VH
1296 1927 1477 2008 perscripta
1500 1927 1578 1992 sint:

354 2035 443 2098 unde
470 2032 532 2098 illo
560 2034 655 2096 aaron
684 2033 883 2097 somnolenta
906 2055 927 2096 υ
951 2032 1087 2097 Laertio
1114 2035 1154 2097 de
1176 2032 1295 2098 Dtoclc
1322 2035 1488 2098 translato
1515 2054 1581 2098 esse

347 2146 446 2225 patet.
494 2141 582 2204 Haec
606 2140 646 2204 de
670 2140 795 2204 Stoicis,
1405 2193 1407 2202 ⁴

442 2248 490 2312 De
514 2247 745 2328 Epicureorum
770 2247 916 2312 doctrina
939 2247 1023 2312 idem
1048 2248 1112 2312 alia
1134 2248 1187 2312 via
1210 2248 1271 2313 sibi
1295 2245 1437 2314 effecisse
1453 2249 1580 2313 videtur

354 2354 571 2419 Nietzscheus
611 2354 641 2418 X
667 2356 704 2417 11
731 2354 778 2418 ita
801 2355 932 2436 scripsit
954 2355 1118 2420 Laertius:
1147 2354 1283 2439 Διοκλῆς
1306 2354 1344 2418 δὲ
1366 2353 1402 2418 ἐν
1429 2357 1467 2442 τῇ
1495 2359 1581 2443 τρίτη

353 2462 405 2546 τῆς
429 2462 604 2548 ἐπιδρομῆς
628 2479 725 2547 φησιν
753 2455 961 2526 εὐτελέστατα
985 2467 1039 2525 καὶ
1061 2460 1215 2527 λιτότατα
1239 2462 1471 2544 διαιτωμένους
1494 2459 1583 2546 [τούς

348 2567 618 2655 Ἐπικουρείους]·
643 2566 756 2655 κοτύλη
779 2576 876 2648 γοῦν,
901 2573 1009 2654 φησίν,
1036 2569 1173 2633 οίνιδίου
1197 2565 1366 2655 ἧρκοῦντο·
1392 2568 1426 2630 τό
1451 2568 1489 2632 δὲ
1512 2575 1581 2633 πᾶν

353 2675 439 2762 ὕδωρ
461 2673 502 2762 ἦν
525 2677 635 2751 αὐτοῖς
656 2674 771 2741 ποτόν·
795 2674 852 2741 τόν
875 2701 908 2740 τε
924 2672 1114 2762 Ἐπίκουρον
1137 2673 1181 2760 μὴ
1205 2671 1319 2751 ἇξιοῦν
1347 2677 1393 2749 είς
1415 2674 1580 2740 τὸκοινόν

352 2782 578 2850 ἀνατίθεσθαι
606 2780 664 2856 τὰς
699 2779 825 2862 οὐσίας,
860 2781 1017 2868 καθάπερ
1046 2783 1253 2869 Πυθαγόραν
1281 2779 1375 2846 κοινὰ
1403 2782 1444 2844 τὰ
1476 2782 1581 2866 φίλων

352 2893 503 2975 λέγοντα·
529 2887 752 2957 ἀπιστούντων
774 2893 836 2979 γὰρ
859 2894 942 2956 εἶναι
965 2893 1001 2954 τό
1025 2897 1182 2958 τοιοῦτον·
1208 2893 1237 2954 εί
1258 2888 1286 2954 δ’
1316 2886 1475 2970 ἀπίστων,
1505 2884 1581 2953 οὐδὲ

353 3000 466 3083 φίλων.
507 2999 589 3062 Hinc
612 2998 691 3062 illud
715 2999 733 3080 §
758 3000 776 3060 9
802 2994 971 3080 μεμὴνασι
995 2997 1024 3061 δ’
1045 2991 1140 3062 οὗτοί
1167 2996 1247 3080 [scil.
1272 2995 1405 3079 Epicuri
1429 2995 1580 3061 calumni-

354 3106 476 3190 atores]
500 3106 540 3169 ad
564 3110 671 3170 utrum
687 3106 859 3186 pertineat,
885 3106 1052 3187 adparere,
1078 3106 1118 3170 ad
1135 3105 1298 3170 Laertium
1322 3123 1364 3168 an
1380 3104 1421 3168 ad
1436 3103 1581 3168 Dioclem

354 3215 478 3296 potina,
502 3212 577 3276 hinc
605 3211 703 3275 verba
728 3213 746 3293 ς
771 3216 789 3275 9
820 3211 839 3296 ἢ
864 3237 899 3275 τε
930 3212 1066 3297 διαδοχή
1093 3210 1307 3296 [Ἐπικούρου]
1331 3215 1445 3274 πασῶν
1468 3207 1582 3290 σχεδὸν

354 3319 552 3383 ἐκλιπουσῶν
579 3317 644 3382 τῶν
674 3317 783 3380 ἄλλων
812 3318 845 3392 ἒς
875 3315 925 3381 ἀεὶ
954 3319 1154 3400 διαμένουσα
1186 3321 1240 3379 καὶ
1274 3319 1451 3402 νηρίθμους
1483 3311 1583 3401 ἀρχὰς

354 3425 545 3494 ἀπολύουσα
568 3424 673 3509 ἄλλην
696 3425 733 3504 ἐξ
755 3425 854 3509 ἄλλης
875 3428 940 3487 τῶν
962 3428 1130 3508 γνωρίμων
1153 3443 1216 3488 non
1232 3423 1356 3488 Laertii
1379 3423 1437 3488 sed
1459 3422 1581 3488 Dioclis

335 3536 491 3618 'prodere
516 3533 719 3599 sententiam.
759 3532 905 3613 Denique
929 3530 1048 3598 claram
1072 3530 1105 3594 in
1129 3530 1208 3596 haec
1224 3531 1348 3595 Laertii
1363 3530 1463 3596 verba
1478 3529 1581 3594 lucem

355 3641 488 3708 diffundi
516 3641 546 3705 X
575 3641 633 3704 28:
670 3635 824 3721 ἐπιτομὴν
859 3633 1001 3702 δἀότῶν
1031 3637 1213 3722 [librorum]
1248 3640 1277 3702 ελ
1304 3637 1391 3702 δοκεῖ
1419 3638 1580 3701 ἐκθέσθαι

354 3749 560 3837 πειράσομαι,
584 3743 858 3832 carpentoratae
881 3741 981 3810 αὐτοῦ
1005 3749 1238 3832 παραθέμενος
1261 3743 1297 3810 ἐν
1320 3743 1370 3818 αλς
1392 3749 1504 3808 πᾶσαν
1527 3741 1582 3826 τὴν

354 3857 554 3943 φιλοσοφίαν
576 3853 744 3938 ἐπέτεμεν·
769 3851 916 3937 θήσομαι
940 3851 976 3915 δὲ
998 3852 1054 3916 καὶ
1069 3854 1128 3927 τὰς
1143 3857 1252 3939 κυρίας
1267 3849 1371 3916 αὐτοῦ
1395 3849 1504 3936 δόξας,
1528 3851 1583 3915 καὶ

354 3969 385 4028 τί
410 3987 439 4027 τι
474 3963 581 4040 ἔδοξεν
610 3961 743 4045 ἐκλογῆς
771 3957 869 4038 ἀξίως
904 3955 1159 4044 ἆπεφθέγχθαι,
1195 3955 1274 4022 ὥστε
1303 3976 1336 4023 σε
1368 3955 1582 4040 πανταχόθεν

355 4075 563 4152 καταμαθεῖν
589 4067 645 4133 τόν
669 4067 776 4155 ἄνδρα
800 4063 881 4150 κάμὲ
903 4058 1024 4153 κρίνειν
1047 4064 1177 4130 εἰδέναι.
1224 4065 1345 4130 Iterum
1370 4066 1519 4130 Laertius
1542 4065 1583 4130 de

356 4177 538 4243 Nietnschei
583 4176 733 4257 opinione
779 4176 980 4242 somnolenta
1024 4172 1224 4238 exscribendi
1270 4173 1500 4238 consuetudine
1544 4191 1582 4237 eo

427 4315 451 4386 ³)
470 4314 633 4388 παραβαλών
651 4317 680 4369 δὲ
693 4321 842 4388 Πολέμωνι,
863 4318 927 4386 φησι·
945 4313 1052 4381 Διοκλῆς
1072 4312 1086 4368 ὃ
1103 4313 1226 4386 Μάγνης,
1246 4316 1373 4385 μετέθετο
1392 4313 1517 4378 Ζήνωνος
1536 4310 1584 4382 ἆῤ-

354 4409 454 4480 §morior
472 4408 564 4479 μακρᾷ
581 4405 776 4478 περιπεσόντος.
