3516 5272
1425 408 1464 468 71

245 575 291 639 rio
315 573 452 637 haerere
473 571 697 654 suspicionem,
722 575 754 638 in
771 593 864 656 quem
882 576 1078 657 quadrarent
1093 577 1150 641 illa
1166 576 1356 662 egregie'⁷).
1392 581 1465 662 Ipse

244 680 349 746 iuveni
372 679 488 761 quibus
511 679 745 761 comprobetur.

321 787 361 852 b.
386 783 517 858 Etenim
539 787 711 852 frustulum
733 787 814 852 illud
838 788 923 852 vitae
946 788 1092 854 Platonis
1116 790 1356 875 Porphyrianae
1380 795 1466 875 apud

246 892 398 974 Gyrillom
422 893 549 976 [contra
571 894 729 959 Iulianum
753 894 797 960 Vl
820 913 851 976 p.
878 894 956 979 208]
981 896 1133 962 concinit:

244 1033 322 1118 φησὶ
334 1035 368 1098 δὲ
380 1041 433 1097 καὶ
445 1041 519 1120 περὶ
529 1032 628 1101 αὐτοῦ
642 1033 878 1123 Παρῳύριος·
906 1033 909 1138 Ι
1075 1059 1106 1119 p.
1134 1041 1164 1120 6,
1187 1040 1230 1103 46
1254 1058 1321 1124 sqq.

242 1194 428 1282 emmaum
451 1197 486 1262 δὲ
509 1194 685 1262 «illiricus
709 1195 802 1282 παρὰ
819 1201 880 1280 μὲν
933 1195 1081 1281 dspolcpoe
1104 1198 1134 1262 δ’
1161 1197 1197 1262 ἐν
1212 1194 1318 1283 ἡλικίᾳ
1333 1201 1464 1285 γενόμε-

245 1308 407 1390 Aatuuolrp
422 1303 606 1388 γράμματα,
629 1305 719 1388 παρὰ
744 1304 774 1367 δ’
794 1301 879 1390 Ἀρί·
933 1324 989 1377 νας
1011 1306 1238 1396 γραμματιστῇ
1264 1311 1325 1389 μὲν
1349 1316 1464 1374 Διονυ-

242 1423 339 1478 owm
361 1409 523 1496 παλαιστῇ
546 1412 586 1474 uui
612 1412 694 1474 narei
718 1408 775 1494 τὴν
801 1417 879 1493 γάμ-
933 1415 1014 1496 stup.
1035 1461 1042 1474 .
1066 1417 1230 1499 γυμναστῇ
1252 1412 1280 1474 d’
1298 1409 1466 1498 Ἀρίστωνι

242 1517 405 1600 ναυτικήν·
428 1523 508 1596 φασὶ
523 1518 560 1581 δὲ
575 1517 629 1581 καὶ
643 1515 779 1600 Ἴσθμια
796 1540 879 1593 τινες
934 1567 984 1581 ...
1004 1514 1046 1591 ὥς
1068 1523 1124 1580 καὶ
1138 1517 1198 1583 driu
1219 1515 1348 1596 ἀγῶνας
1364 1517 1465 1586 αὐτὸν

240 1623 295 1685 καὶ
320 1622 436 1688 Πύθια
460 1631 585 1708 νικῆσαι
608 1619 719 1690 αὐτόν.
933 1623 1059 1707 νικήσω
1081 1621 1208 1708 πλη).

330 1768 355 1814 c.
381 1746 549 1814 Postremo
582 1765 653 1813 cum
687 1748 766 1813 haec
801 1749 840 1813 de
869 1749 1013 1813 Platonis
1047 1749 1251 1814 institutione
1280 1750 1332 1833 [ci.
1366 1769 1465 1832 supra

240 1876 270 1936 p.
297 1854 352 1938 61]
383 1855 526 1920 narratio
555 1859 622 1918 tum
657 1856 743 1919 vitae
770 1853 975 1937 Pythagorae
1007 1853 1177 1937 Porphyrii
1206 1857 1290 1921 bona
1319 1876 1396 1938 pars
1425 1875 1464 1922 eu

239 1961 362 2027 Laertii
385 1961 563 2044 biographo
590 1961 713 2042 petitae
736 1966 821 2026 sunt.
848 1997 889 2007 —-
911 1961 1083 2046 Porphyrii
1106 1964 1206 2045 igitur
1229 1965 1295 2028 vita
1318 1963 1464 2029 Platonis

238 2088 342 2152 paene
371 2071 435 2135 iam
463 2073 573 2150 potest
599 2068 737 2133 restitui.
798 2067 864 2132 Nec
892 2073 1001 2134 tamen
1030 2069 1277 2151 Olympiodorus
1310 2070 1377 2134 illic
1404 2090 1463 2136 nec

239 2177 423 2260 Anonymus
447 2178 629 2242 universam
653 2176 908 2257 complectuntur
928 2177 1029 2240 vitam
1053 2169 1316 2258 Porphyrianam.
1356 2178 1462 2242 Unum

239 2283 451 2366 supplendum
486 2289 538 2349 est
572 2302 610 2348 ex
642 2283 862 2365 Olympiodori
897 2282 1027 2348 scholiis
1062 2284 1095 2347 in
1131 2282 1277 2363 Platonis
1307 2284 1461 2366 Gorgiam

239 2392 367 2474 scriptis
391 2409 430 2455 ex
454 2391 640 2457 defensioue
663 2395 777 2456 contra
792 2389 967 2453 Aristidem
990 2389 1155 2454 rhetorem
1180 2389 1232 2472 [ci.
1250 2391 1361 2456 Jahuii
1385 2410 1457 2456 ann.

239 2500 343 2580 suppl.
368 2498 443 2562 XIV
467 2498 583 2581 (1848)
607 2518 638 2579 p.
665 2499 729 2562 392
754 2494 852 2583 sqq.]:
879 2497 911 2560 id
935 2496 1021 2577 quod
1045 2513 1103 2560 suo
1126 2496 1196 2561 loco
1220 2505 1408 2578 proponam.

321 2608 356 2678 ,2.
383 2603 417 2670 Si
440 2605 473 2670 in
497 2603 667 2686 Porphyrii
690 2604 885 2668 auctoritate
908 2601 1214 2685 conqutescerernus,
1239 2621 1302 2668 non
1325 2605 1462 2670 multum

236 2708 493 2794 profecissemus.
543 2711 626 2776 Nam
649 2731 688 2776 ex
713 2730 776 2793 quu
800 2712 828 2777 J.
849 2710 1045 2792 Bernaysius
1073 2711 1106 2773 in
1130 2709 1215 2774 libro
1237 2709 1310 2795 περὶ
1333 2708 1461 2795 ἀποχῆς

157 2849 159 2853 ·
236 2816 393 2905 ἐμψύχων
421 2819 592 2900 Porphyrii
632 2818 852 2883 conscribendi
887 2819 1046 2882 rationem
1082 2817 1329 2898 demonstravit,
1366 2837 1460 2884 nemo

235 2926 397 2990 dubitabit
420 2927 497 3007 quin
520 2930 654 3006 excepto
679 2943 794 3006 sapore
817 2925 873 2990 illo
896 2921 1121 3005 neoplatonico
1145 2923 1226 2988 nihil
1248 2925 1319 3006 ipse
1341 2927 1458 2993 nedum

234 3039 303 3102 tarn
325 3033 511 3098 reconditae
535 3033 700 3097 doctrinae
725 3031 899 3112 specimina
923 3031 1162 3110 constipaverit.

322 3142 390 3206 Iam
414 3160 490 3206 vero
508 3140 668 3207 consentit
691 3140 879 3221 plerumque
896 3159 967 3203 curn
983 3136 1113 3202 Laertio
1135 3143 1169 3202 et
1185 3137 1330 3219 Apuleio.
1372 3141 1458 3219 Quos

309 3317 344 3389 ⁷⁷)
363 3317 566 3376 Commentatns
590 3322 632 3372 est
650 3315 819 3388 Porphyrius
844 3321 872 3370 et
895 3315 1036 3371 Timaeum
1060 3321 1088 3370 et
1110 3316 1326 3388 Metaphysicam
1354 3317 1457 3386 [Zeller

233 3407 272 3463 V²
289 3422 316 3477 p.
329 3408 401 3478 5771.
422 3437 454 3446 —
474 3406 621 3476 Porphyrii
640 3407 765 3476 isagogae
786 3412 867 3474 caput
882 3404 922 3458 III
935 3404 1144 3474 Olympiodorus
1157 3420 1219 3458 cum
1231 3405 1454 3475 Metaurologianr

232 3497 393 3550 inlustraret
411 3495 615 3551 Aristotelicum
634 3495 756 3563 respexit
775 3493 822 3564 [of.
841 3493 932 3548 Zeller
950 3494 987 3548 va
1004 3511 1031 3561 p.
1045 3495 1104 3549 577.
1126 3493 1201 3566 772].
1297 3513 1301 3519 ·

245 3631 247 3638 .
302 3585 340 3654 ⁷⁸)
362 3586 457 3642 'Addit
475 3584 641 3654 Anonymus’
660 3582 799 3655 ’Ὀλύμπια
818 3605 845 3638 τε
865 3587 911 3636 καὶ
926 3582 1031 3656 Νέμεα.
1062 3581 1138 3638 Haec
1155 3584 1222 3638 mihi
1238 3584 1307 3639 falsa
1319 3584 1454 3640 videntur.

445 3673 612 3745 Apuleius
630 3673 702 3728 enim
720 3673 804 3728 hahet
829 3672 957 3727 ‘Isthmia
975 3679 1003 3727 et
1021 3671 1129 3742 Pythia‘

430 3763 609 3830 *Laertius
656 3809 658 3812 .
827 3761 962 3818 ‘Isthmia’
983 3763 1031 3833 [ex
1047 3761 1231 3832 Dicaearcho]

443 3851 658 3922 Porphyrius
826 3849 954 3905 ‘Isthmia
972 3855 1001 3904 et
1018 3847 1136 3918 Pythia’.

231 3942 330 4000 Omnes
347 3941 377 4016 hi
397 3937 439 3996 usi
464 3947 528 3996 sunt
547 3941 642 3996 eodem
660 3941 811 4012 biographo
832 3941 874 4012 [iu
892 3940 966 4010 quod
985 3940 1018 3994 de
1037 3927 1198 4010 Po'rphyrio¹
1209 3939 1324 4008 posthac
1342 3939 1452 3995 demon-

231 4032 323 4086 strabo
341 4048 368 4100 p.
387 4031 450 4101 75]:
474 4044 540 4100 crgo
562 4027 609 4085 ille
633 4027 749 4084 Isthmia
772 4035 801 4084 et
817 4029 924 4100 lethia
946 4028 1114 4099 prodiderat.
1155 4026 1276 4095 Cumque
1295 4025 1452 4098 Anonymus

230 4120 314 4176 addat
332 4120 398 4175 ‘oto
416 4120 528 4192 ἀγῶνας
544 4119 648 4186 νικῆσαι
660 4117 748 4174 αὐτόν
767 4119 833 4173 mihi
852 4119 962 4186 quidem
977 4117 1101 4189 Olympia
1118 4121 1147 4172 et
1159 4115 1262 4172 Nemea
1274 4117 1452 4186 improbanda

230 4211 372 4281 ridentum
392 4216 455 4266 suut
473 4208 647 4280 interpolata,
665 4209 720 4266 nisi
737 4207 879 4266 libidinem
897 4207 1033 4278 Anonymi
1052 4208 1177 4266 mensure
1195 4207 1361 4278 praeplacet.
