3516 5272
1392 490 1431 555 13

206 666 312 732 Orinis
336 665 562 731 Athenodorus
586 659 759 742 Antipater
774 657 1015 740 Apollophanes
1030 660 1173 728 Boethus
1189 665 1313 732 Heoato
1330 668 1433 733 Hera·

206 774 305 840 clides
329 771 496 839 Tarsensis
526 770 685 834 Persaeus
714 766 851 848 denique
880 765 1052 848 Sphaerus.
1099 769 1169 836 Hoc
1197 773 1297 854 igitur
1327 776 1354 840 si
1382 775 1432 842 dis

205 882 312 963 placet
335 883 558 963 argumentum
581 879 730 942 neutram
752 875 785 939 in
808 877 935 955 partem
957 875 1174 944 adhibendum
1198 886 1256 946 est.

252 987 368 1054 Cetera
411 987 585 1053 videamus.
647 984 691 1048 In
734 981 853 1067 logicis
892 981 1090 1068 quobusdom
1121 986 1259 1071 figuras
1300 987 1433 1054 Dioclis

205 1094 352 1160 occurrit
372 1115 500 1160 nomen.
548 1092 652 1158 Semel
677 1091 815 1157 occurrit
843 1091 875 1154 in
898 1091 1003 1172 logica
1032 1093 1179 1174 speciali,
1209 1115 1304 1178 quam
1327 1097 1433 1162 Diocli

207 1209 328 1269 cernuo
345 1209 395 1269 est
411 1199 531 1268 deberi.
571 1199 660 1265 Nihil
676 1199 776 1280 igitur
792 1197 852 1262 hoc
876 1198 1076 1265 demonstrat
1099 1219 1195 1283 quam
1219 1222 1286 1268 rem
1304 1204 1432 1270 aliunde

204 1317 314 1377 notam
331 1309 383 1396 [cf.
401 1331 432 1393 p.
447 1309 512 1393 15].
543 1307 678 1373 Praeter
689 1306 825 1388 logicam
838 1306 903 1370 iam
914 1307 1043 1372 Diocles
1059 1307 1136 1390 quin
1153 1309 1290 1375 ethicam
1306 1331 1433 1395 quoque

205 1423 239 1483 et
261 1419 425 1501 physicam
446 1414 598 1482 ¹habuerit
620 1433 685 1480 non
708 1413 839 1479 dubium
861 1432 932 1478 esse
953 1414 1091 1495 largior:
1117 1416 1203 1497 quod
1218 1417 1292 1482 inde
1309 1419 1434 1490 derivat

205 1525 430 1605 Nietzscheus,
455 1524 577 1588 Laertii
607 1521 713 1587 ethica
735 1520 930 1603 physicaque
958 1521 1090 1588 decreta
1113 1523 1292 1590 Stoicorum
1317 1544 1355 1590 ex
1377 1527 1434 1591 Di·

206 1633 285 1699 oolis
307 1633 390 1698 libro
414 1649 623 1715 promanasse
646 1629 762 1694 falsum
786 1634 844 1694 est.

253 1740 312 1804 ‘At
353 1739 443 1804 unde
485 1736 689 1804 oltr'ssz'mum
728 1734 864 1800 laertia
902 1737 941 1800 de
978 1735 1112 1802 lesta'bm
1153 1737 1267 1802 ceteras
1298 1747 1434 1824 praeter

206 1866 314 1910 unum
342 1844 495 1910 Dioclem
522 1843 711 1930 exploratur
739 1842 948 1908 sitentium?
999 1844 1081 1910 Vide
1113 1846 1294 1912 Nietzschei
1325 1848 1433 1914 incon·

206 1954 358 2018 stantiam
382 1958 415 2018 et
443 1954 651 2020 oblivionem!
699 1952 878 2018 Identidem
901 1951 989 2017 furta
1017 1954 1115 2019 obicIt
1138 1954 1283 2035 Laertio,
1313 1957 1432 2038 quippe

205 2061 260 2144 qui
284 2061 324 2126 de
347 2061 507 2126 industria
530 2061 615 2125 unde
638 2059 786 2125 hauserit
808 2060 1002 2126 dissimulet:
1027 2080 1111 2126 nunc
1134 2080 1190 2126 cur
1205 2063 1289 2127 idem
1307 2063 1434 2127 siluerit

205 2168 318 2232 haeret
352 2168 502 2234 incertus.
539 2205 583 2214 —-
619 2166 731 2233 Adhuc
766 2185 836 2232 oum
871 2168 1009 2250 quadam
1047 2168 1287 2250 probabilitatis
1326 2171 1433 2252 specie

204 2275 341 2357 logicam
364 2274 493 2341 Diocles
517 2275 647 2340 Laertio
672 2275 897 2357 suppeditasse
920 2275 1022 2341 videri
1045 2276 1164 2357 possit:
1191 2281 1300 2342 cetera
1327 2278 1434 2342 omnia

205 2401 328 2448 summo
353 2383 423 2448 iure
446 2384 648 2450 removimus.

294 2492 367 2557 Jam
402 2510 478 2556 vero
507 2492 593 2573 quod
621 2492 826 2573 symmetriae
854 2509 951 2556 causa
980 2490 1136 2571 Diogenis
1164 2490 1242 2557 dicit
1270 2510 1304 2556 se
1333 2511 1352 2555 a
1380 2493 1434 2557 de·

205 2596 376 2662 scribenda
400 2597 579 2664 Stoicorum
604 2599 750 2663 doctrina
774 2598 929 2678 desinere,
954 2616 992 2662 eo
1016 2598 1063 2662 ita
1082 2597 1291 2664 Nietzscheus
1315 2600 1433 2665 abusus

207 2711 271 2786 est,
307 2711 344 2770 ut
371 2706 525 2788 Diogenis
557 2707 627 2772 loco
661 2711 858 2788 supponeret
887 2706 1031 2772 Dioclem
1062 2706 1255 2788 Magnetem.
1311 2707 1434 2772 Laertii

207 2814 292 2878 enim
316 2815 502 2896 symmetria
525 2818 725 2897 quantopere
749 2817 792 2879 sit
815 2813 936 2880 violata
951 2814 1106 2896 exemplis
1123 2814 1232 2879 studet
1252 2815 1431 2880 ostendere.

207 2919 290 2998 Quid
314 2920 438 2986 obverti
461 2922 566 3004 possit
596 2921 690 2987 facile
722 2919 862 2986 offertur.
901 2920 1014 3003 Neque
1044 2922 1128 2986 enim
1154 2922 1283 2986 modum
1311 2927 1433 2988 cetero·

206 3027 283 3109 quin
306 3027 456 3093 Laertius
478 3047 543 3094 non
567 3029 762 3107 observavit,
791 3027 884 3094 modo
914 3045 954 3092 ne
984 3028 1170 3110 dogmatum
1198 3029 1255 3093 sed
1279 3029 1433 3095 libroruin

207 3134 362 3200 ambitum
385 3141 525 3218 quantus
549 3137 593 3201 sit
616 3135 859 3217 computaveris.
907 3135 993 3200 Zeno
1018 3135 1102 3200 enim
1125 3136 1271 3219 pagellas
1295 3138 1434 3219 complet

206 3241 336 3322 XXXV,
361 3241 520 3324 Epicurus
539 3243 685 3325 XXXIV,
710 3244 803 3309 Plato
827 3240 976 3328 XXIV⁴).
1024 3245 1073 3309 De
1097 3244 1214 3310 Stoicis
1236 3245 1337 3327 igitur
1359 3246 1433 3312 novi

206 3349 286 3416 nihil
310 3351 395 3432 quod
417 3352 572 3433 probetur
595 3351 805 3418 Nietzscheus
830 3350 935 3418 effecit
960 3388 999 3399 -
1026 3357 1160 3435 excepta
1183 3351 1320 3418 fortasse
1336 3371 1432 3436 quam

206 3457 247 3521 de
274 3458 380 3540 logica
406 3457 579 3540 profitetur
614 3460 789 3540 sententia,
825 3460 983 3543 siquidem
1019 3460 1207 3541 excipienda
1236 3466 1294 3525 est.
1347 3459 1432 3524 Male

206 3564 291 3628 enim
308 3563 421 3630 Oobeti
437 3567 664 3633 auctoritatem
679 3572 807 3634 secutus
827 3573 903 3648 post
924 3566 1159 3652 κεφαλαιωδῶς
1181 3568 1337 3648 distinxit,
1363 3586 1432 3632 curn

205 3689 317 3737 verum
350 3671 469 3737 dudum
504 3673 718 3740 intellexisset
748 3673 936 3740 Ambrosius
973 3673 1026 3757 [cf.
1055 3673 1145 3739 Diels
1173 3673 1373 3756 doxographi
1400 3694 1430 3756 p.

278 3901 304 3971 ⁴)
322 3901 363 3955 Ol.
383 3903 465 3958 etiam
484 3903 729 3959 Frondenthalium
748 3920 775 3973 p.
794 3906 855 3960 308.
873 3933 906 3944 —
927 3903 1054 3958 Ceterum
1073 3902 1152 3973 Diog.
1171 3903 1213 3957 III
1231 3905 1265 3959 47
1289 3903 1431 3960 conferen-

205 3989 257 4045 dus
282 3996 311 4044 et
330 3991 453 4047 Clemens
472 3993 549 4047 Alex.
574 3998 667 4048 strom.
688 3993 757 4063 Vp.
777 3996 827 4048 261
849 3993 973 4064 Sylhurg.
1004 3996 1050 4047 καὶ
1067 3999 1152 4066 μυρία
1171 3996 1215 4047 iul
1233 4000 1341 4065 μυρίοις
1359 3995 1430 4067 tuip-

207 4082 248 4151 ῥεῖ
265 4102 314 4154 μοι
325 4087 533 4152 παρατίθεσθαι,
552 4089 762 4155 συμμετρίας
781 4078 875 4138 δάὖν
893 4083 992 4138 ἕνεκα
1007 4087 1205 4138 καταπααστέον
1224 4082 1270 4150 ἤδη
1283 4084 1328 4138 τὸν
1340 4081 1432 4155 λόγον,

206 4169 278 4232 ὅπως
295 4171 333 4242 μὴ
351 4169 381 4226 τὸ
400 4173 446 4226 rori
464 4173 667 4244 rpoywdonoaori
681 4172 838 4244 Ἀγάθωνος
856 4173 992 4244 πάθωμεν
1009 4175 1056 4226 καὶ
1073 4173 1163 4226 αὐτοὶ·

514 4263 554 4317 ’τὸ
571 4265 624 4335 μὲν
641 4260 778 4335 πάρεργον
796 4267 877 4334 ἔργον
895 4262 930 4322 ὥς
948 4259 1093 4334 ἡγούμεναι

520 4351 549 4407 τὸ
567 4352 595 4406 d’
614 4358 694 4425 ἔργον
712 4353 748 4415 ὡς
765 4353 903 4424 πάρεργον
921 4349 1129 4422 exnovolpoot'.

207 4437 279 4494 conl.
299 4438 414 4496 Dialesii
432 4440 545 4511 doxogr.
563 4458 590 4511 p.
610 4444 712 4500 242111.
730 4458 799 4498 mus.
817 4443 894 4498 rhen.
912 4439 1020 4498 XXXII
1038 4440 1131 4512 [1877]
1150 4457 1177 4512 p.
1196 4444 1248 4498 481
1261 4441 1301 4496 nl.
