3506 5272
1363 461 1424 526 129

209 635 282 700 dam
305 633 489 716 psephisma
513 653 552 698 ex
575 634 686 700 exsilio
709 639 924 714 revocaverat,
941 635 1143 716 exposuisse.
1180 636 1352 714 Quaeritur
1375 639 1428 704 ille

208 743 325 808 tertius
350 742 563 825 Thucydides,
588 743 616 808 si
640 747 689 808 est
711 742 841 822 tertius,
866 743 937 824 quis
960 740 1066 808 inerit.
1113 743 1234 809 Eratne
1258 745 1429 812 historicus

209 869 323 918 necne:
355 869 470 917 nomen
499 852 583 926 enim
610 849 719 916 multis
743 867 916 915 commune.
964 849 1066 914 Nimis
1088 851 1230 916 breviter
1257 851 1428 918 historicus

208 959 348 1024 reditum
371 975 462 1024 suum
486 957 571 1040 quod
585 956 704 1039 tetigit,
729 955 912 1022 dolendum:
952 956 1040 1023 Vno
1063 957 1118 1020 eut
1141 961 1255 1044 συνέβη
1269 981 1326 1040 μοι
1348 959 1429 1044 φεύ-

208 1088 279 1145 γειν
307 1063 363 1150 τήν
391 1064 531 1147 ἐμαυτοῦ
559 1063 610 1148 ἔτη
638 1060 841 1146 sturemare
863 1061 922 1147 τὴν
950 1061 983 1137 ἐς
998 1058 1199 1148 Ἀμφίπολιν
1227 1070 1428 1150 στρατηγίαν.

210 1171 372 1237 Conclusit
405 1169 666 1236 Wilamowitcius
700 1169 793 1234 venia
826 1169 952 1251 publice
987 1170 1149 1236 exsulibus
1185 1171 1261 1236 data
1294 1171 1429 1238 rediisse

210 1278 434 1361 Thucydidem.
481 1279 524 1344 At
550 1277 721 1344 videndum
750 1281 800 1342 est
823 1295 864 1342 an
886 1277 1066 1344 Pausaniae
1088 1279 1187 1344 verba
1209 1279 1335 1361 possint
1359 1299 1429 1344 cum

210 1386 392 1469 Thucydide
415 1387 587 1452 conciliari.
635 1369 755 1462 Quodsi
777 1382 849 1450 fieri
871 1385 1002 1466 poterit,
1027 1386 1245 1468 adoptandum
1269 1405 1305 1452 eo
1326 1388 1429 1469 magis

209 1499 268 1574 est,
296 1494 371 1576 quia
391 1512 449 1559 nec
472 1491 558 1565 λύσις
581 1490 624 1556 δι’
649 1490 837 1576 ὁμωνυμίας
859 1493 1003 1572 suppetit
1025 1529 1068 1539 —
1091 1492 1272 1559 Polemonis
1289 1495 1373 1558 enim
1396 1494 1429 1558 in

209 1600 268 1665 hoo
295 1600 378 1666 libro
406 1599 627 1682 homonymiae
651 1600 679 1664 si
702 1617 783 1681 quae
806 1596 935 1662 fuerunt
957 1600 1142 1680 probandae
1170 1604 1259 1682 sunt,
1288 1602 1429 1666 nondum

208 1708 364 1790 probatae
389 1745 427 1756 -
454 1707 573 1774 etalio
596 1706 715 1772 erroris
739 1704 908 1786 explicatio
931 1725 1064 1786 prorsus
1091 1708 1275 1790 requiritur.
1322 1707 1428 1790 Atque

209 1835 228 1880 a
250 1815 406 1882 facilitate
437 1814 516 1879 mihi
540 1812 690 1880 Schoellii
717 1811 801 1876 ratio
830 1811 948 1877 habere
972 1814 1098 1879 videtur
1122 1815 1428 1881 commendationem

208 1923 363 2004 singulari
393 1921 531 2004 quodam
558 1919 687 1986 decreto
711 1917 846 1985 Oeuobii
869 1937 939 1984 oum
963 1920 1057 1986 datae
1080 1921 1207 2002 publice
1230 1923 1342 1988 veniae
1365 1942 1429 1988 non

209 2029 463 2111 obtemperasset
485 2028 651 2093 reductum
671 2043 741 2092 esse
756 2025 944 2092 historicum
960 2027 1157 2093 arbitrantis.
1196 2027 1285 2106 Quod
1302 2029 1429 2094 etiamsi

208 2156 364 2220 nusquam
386 2137 542 2202 traditum
566 2139 625 2216 est,
650 2137 737 2202 certe
760 2151 961 2216 nequaquam
985 2153 1004 2200 a
1028 2134 1220 2217 Thucydidis
1243 2136 1428 2203 testimonio

208 2241 444 2328 discordat141).

296 2351 458 2416 Incertum
486 2354 535 2415 est
562 2366 639 2414 num
665 2365 723 2428 per
752 2347 982 2428 digressionem
1010 2349 1145 2415 duorum
1168 2348 1296 2414 illorum
1319 2348 1428 2415 homo-

207 2477 372 2541 nymorum
394 2456 580 2524 memoriam
602 2454 732 2520 Polemo
757 2455 957 2522 coniunctam
979 2456 1134 2522 iniecerit.
1183 2455 1261 2522 (lum
1284 2454 1366 2522 falsa
1390 2458 1428 2522 de

207 2565 360 2631 historico
383 2564 575 2646 praesertim
598 2563 814 2642 crederentur,
839 2564 916 2645 quin
931 2581 1031 2646 genus
1046 2562 1132 2628 illius
1147 2561 1367 2645 tumulumque
1384 2564 1429 2629 ibi

206 2673 328 2739 referre
350 2672 466 2754 potuit,
490 2671 545 2738 ubi
568 2670 607 2734 de
630 2674 834 2736 monumento
859 2671 996 2752 quodam
1019 2670 1052 2735 in
1076 2687 1149 2735 arce
1172 2670 1278 2750 posito
1299 2669 1428 2736 locutus

206 2780 280 2871 ,esti
314 2780 406 2846 Anno
430 2779 514 2844 enim
539 2777 623 2842 1837
648 2782 775 2843 statuae
797 2776 884 2842 basis
906 2776 939 2841 in
964 2794 1037 2842 arce
1061 2780 1153 2842 eruta
1176 2781 1226 2842 est
1249 2776 1309 2842 hoc
1331 2777 1427 2844 titulo

206 2886 363 2968 iuscripta
387 2883 600 2970 ιΘουκυδίδης
616 2879 763 2970 Ὀλόρον’
790 2881 841 2966 [ci.
866 2883 988 2965 Bergk,
1013 2882 1198 2949 Zeitschrilt
1220 2882 1241 2948 i.
1267 2885 1296 2949 d.
1321 2885 1427 2950 Alter·

206 2994 375 3062 tumswiss.
402 2993 486 3058 1845
510 3012 541 3074 p.
560 2991 692 3076 esent
732 2991 832 3057 Porro
856 2991 921 3057 alia
948 2992 1115 3058 occasione
1138 2992 1264 3073 alioque
1287 2992 1321 3057 in
1344 2992 1426 3060 libro

206 3101 409 3168 Pharsalium
436 3100 603 3183 quominus
633 3099 942 3180 commemoraverit,
974 3099 1046 3182 quis
1069 3099 1267 3165 intercedet?
1314 3100 1426 3184 Neque

207 3209 307 3291 igitur
334 3206 510 3290 probabilis
535 3206 615 3272 haec
644 3210 694 3272 est
720 3205 956 3272 Wilamowitzii
985 3208 1160 3288 sententia,
1192 3225 1250 3272 nec
1274 3244 1316 3254 -
1340 3211 1426 3291 quod

206 3315 280 3382 hinc
304 3315 509 3398 consequitur
531 3350 574 3360 -
597 3314 702 3380 altera
717 3314 756 3381 de
772 3314 944 3382 Polemone
960 3313 1074 3380 indicis
1090 3315 1247 3397 scriptore
1264 3315 1423 3383 conclusio

207 3422 351 3506 quamvis
374 3421 528 3504 speciosa.

296 3528 475 3594 Marcellini
505 3528 670 3610 catalogus
700 3528 741 3595 ad
770 3527 1014 3594 Laertianorum
1045 3527 1224 3608 exemplum
1252 3530 1425 3614 exigendus

207 3645 271 3722 est,
307 3637 455 3721 quoniam
483 3652 586 3717 neque
615 3639 685 3701 arto
715 3632 970 3719 scriptorum¹⁴²)
1006 3653 1083 3718 gyro
1113 3635 1293 3702 continetur
1324 3640 1425 3704 etde

278 3780 328 3851 14¹)
346 3778 450 3835 Vellem
478 3775 630 3831 Schoellius
656 3793 683 3847 p.
711 3779 763 3834 438
790 3777 955 3847 neglexisset
980 3775 1063 3830 Plinii
1086 3775 1120 3830 N.
1141 3775 1175 3829 H.
1194 3775 1256 3846 VII,
1275 3777 1317 3832 III
1340 3779 1425 3835 verba

204 3872 286 3928 nimis
313 3869 406 3936 fucata
430 3873 459 3922 et
485 3866 514 3920 in
538 3866 743 3924 declamationis
769 3868 879 3924 modum
906 3867 1015 3922 detorta
1037 3867 1221 3939 ‘Thucydidem
1244 3871 1425 3934 imperatorem

207 3965 376 4016 Athenienses
394 3963 421 4010 in
438 3961 560 4010 exsilium
577 3976 668 4025 egere,
687 3977 778 4014 rerum
796 3963 951 4012 condeturem
969 3976 1134 4020 revocavere,
1155 3962 1326 4025 eloquentzhm
1344 3964 1424 4012 admi-

206 4057 262 4105 rati
285 4054 360 4104 cuius
386 4053 508 4101 virtutem
534 4047 742 4102 damnaveramt’.
766 4047 902 4118 -Quod
924 4053 1069 4118 praeterea
1092 4047 1210 4102 coniecit
1233 4054 1297 4116 post
1321 4049 1424 4106 cladem

207 4139 326 4196 Siculam
345 4136 451 4194 venium
468 4136 577 4206 publice
596 4137 686 4194 datam
704 4139 839 4208 sprevisse
858 4136 1056 4208 Thucydidem,
1075 4136 1176 4192 abusus
1195 4141 1237 4191 est
1256 4138 1425 4196 conturbatis

205 4226 360 4286 Marcellini
377 4225 468 4282 verbis
487 4226 502 4298 ᾖ
522 4228 564 4284 32.

277 4317 327 4388 111)
345 4316 482 4372 Prellerus
500 4315 585 4385 igitur
611 4317 659 4388 [od
677 4317 831 4374 Polemonis
847 4315 882 4372 fr.
901 4316 940 4388 V]
967 4322 995 4371 et
1014 4316 1046 4372 R.
1067 4317 1216 4372 Schoellius
1237 4316 1337 4388 [Herm.
1355 4319 1424 4376 Xlll

205 4411 259 4466 435
279 4407 349 4478 sqq]
368 4407 402 4462 de
421 4405 559 4461 Demetrio
578 4406 706 4477 Magnete
725 4408 875 4478 cogitantes
893 4406 1014 4476 graviter
1032 4412 1200 4464 erraverunt.

259 4496 371 4552 Philolog.
379 4494 579 4550 Untsrsuohungen
588 4495 628 4539 111.
1249 4499 1264 4552 9
