3516 5272
346 479 387 542 68

344 655 468 737 graecis
502 654 704 737 minoribus’]
740 655 780 720 de
814 655 960 720 Platonis
994 654 1090 720 rebus
1126 655 1241 737 gestis,
1266 654 1338 720 'ille
1372 653 1502 720 scholiis
1537 655 1571 720 in

342 762 540 827 Alcibiadem
571 763 723 842 primum,
753 761 806 827 hic
834 763 1078 843 prolegomenis·
1099 762 1131 825 in
1160 760 1397 844 philosophiam
1425 761 1570 826 Platonis

342 869 531 949 conscriptis
552 869 799 949 praemiserunt,
825 870 865 934 ad
882 869 1185 950 Neoplatcnicorum
1209 869 1317 934 studia
1339 867 1570 932 transformata

341 981 430 1056 sunt,
460 976 507 1039 its
534 976 662 1056 quidem
691 981 728 1040 ut
754 976 880 1041 novicia
893 975 960 1040 'illa
990 976 1155 1042 involucra
1183 974 1276 1042 'facili
1309 976 1438 1056 negotio
1463 974 1570 1039 detra-

339 1082 466 1146 hantur.
526 1083 646 1159 Quodsi
681 1082 776 1146 hodie
816 1083 1050 1164 negleguntur,
1088 1083 1217 1148 aliunde
1251 1080 1473 1162 explicandum
1508 1083 1567 1144 est.

341 1189 515 1269 ‘Uterque'‚
541 1190 641 1270 aiunt,
668 1189 842 1254 ‘Laertium
858 1190 1032 1271 descripsit
1055 1189 1173 1273 [Zeller
1188 1188 1231 1253 ΙΙΒ
1254 1207 1285 1270 p.
1303 1188 1392 1270 337]‚
1417 1186 1570 1252 nonnulla

339 1296 447 1360 hausit
476 1315 515 1360 ex
545 1297 774 1378 Olympiodoro
807 1294 991 1378 Anonymus
1022 1296 1076 1380 [ib.
1102 1318 1132 1378 p.
1152 1297 1250 1380 340]’.
1306 1295 1423 1363 Vilitas
1458 1312 1568 1358 earum

338 1403 437 1484 igitur
472 1404 505 1466 in
541 1423 578 1467 eo
613 1404 720 1483 posita
753 1408 855 1483 esset,
891 1404 975 1484 quod
1010 1404 1188 1484 penderent
1223 1423 1261 1466 ex
1289 1403 1446 1482 scriptore
1476 1401 1568 1464 nobis

336 1516 473 1575 servato.
522 1510 612 1587 Quod
635 1510 767 1590 quidem
792 1529 862 1574 curn
886 1511 1056 1576 nemodum
1081 1510 1363 1588 demonstraverit,
1394 1509 1567 1572 etiamnum

335 1622 386 1680 est
408 1617 504 1681 dubio
529 1617 709 1682 obnoxium.

423 1724 467 1788 Et
489 1725 626 1805 primum
650 1724 779 1805 quidem
802 1759 847 1772 -·-
870 1729 906 1788 ut
929 1743 997 1788 rem
1025 1724 1225 1804 exploremus
1251 1759 1291 1768 -
1319 1721 1566 1803 Olympiodorus

334 1829 380 1894 de
403 1831 587 1896 Platonis
611 1832 695 1896 vita
717 1837 880 1910 nunquam
904 1831 1059 1896 excitavit
1083 1836 1245 1908 auctores3
1282 1831 1309 1894 si
1334 1847 1413 1911 quos
1437 1831 1565 1909 excitat,

334 1941 478 2000 autnon
503 1938 543 2002 ad
573 1939 672 2004 vitam
707 1937 850 2017 respexit
879 1943 936 2002 aut
960 1938 1062 2018 ipsius
1085 1938 1230 2004 Platonis
1253 1936 1398 2002 laudavit
1421 1936 1565 2016 dialogos

335 2045 535 2125 maximeque
560 2063 625 2124 eos,
650 2063 730 2125 quos
754 2045 894 2125 propriis
918 2045 1072 2109 instruxit
1096 2045 1347 2124 commentariis,
1371 2043 1459 2111 velut
1482 2044 1566 2108 Alci-

338 2149 467 2213 biadem
491 2146 557 2233 1²⁰)
586 2155 619 2214 et
651 2147 866 2232 GorgiamP).
895 2187 941 2199 --
971 2151 1020 2215 De
1048 2152 1145 2216 rebus
1174 2172 1193 2215 a
1221 2150 1366 2216 Platonis
1400 2150 1468 2214 vita
1502 2150 1566 2213 dis-

333 2257 451 2321 iunctis
462 2263 529 2321 tres
540 2257 641 2322 testes
651 2258 692 2323 ab
702 2258 928 2341 Olympiodoro
938 2257 1168 2339 producuntur,
1182 2262 1216 2322 et
1225 2258 1290 2322 Ari
1299 2258 1350 2322 sti
1359 2257 1424 2321 des
1437 2256 1564 2339 quidem

329 2363 465 2428 rhetor
494 2384 558 2428 non
587 2365 656 2429 sine
680 2367 784 2430 ironia
806 2384 837 2447 p.
856 2366 891 2444 3,
918 2365 937 2427 5
962 2383 1041 2446 sqq:
1072 2364 1235 2428 στέλλεται
1262 2369 1317 2426 καὶ
1345 2366 1390 2438 εἰς
1413 2363 1565 2427 Σικελίαν

331 2467 534 2553 θεασόμενος
556 2472 630 2546 τούς
652 2479 813 2558 κρατῆρας
835 2479 893 2537 τοῦ
922 2470 1022 2557 ττνρδς
1045 2471 1082 2537 ἒν
1104 2477 1138 2560 τῇ
1162 2473 1278 2556 Αἴτνη,
1306 2476 1361 2533 καὶ
1384 2466 1421 2535 οὗ
1444 2470 1565 2534 Σικελι-

331 2577 386 2660 κῆς
402 2578 554 2662 τραπέζης
569 2576 675 2663 χάριν,
696 2577 721 2641 ὦ
741 2591 901 2658 γενναῖε
918 2576 1150 2664 Ἀριστείδη,
1174 2577 1216 2652 ὥς
1231 2575 1269 2644 στί
1285 2600 1346 2666 φης
1362 2583 1395 2644 et
1409 2597 1440 2660 p.
1456 2579 1485 2657 3,
1504 2579 1562 2640 46:

330 2684 404 2767 περὶ
427 2678 466 2749 οὗ
490 2685 544 2767 [de
561 2687 767 2769 Anniceride]
785 2691 838 2748 καὶ
856 2686 1050 2772 Ἀριστείδης
1067 2691 1174 2772 φησίν,
1191 2683 1239 2749 ὅτι
1254 2680 1358 2758 οὐδεὶς
1374 2684 1563 2765 ἐγίγνωσκεν

331 2791 373 2855 ἄν
388 2786 575 2875 Ἀννίκεριν,
599 2795 629 2855 εἰ
650 2793 692 2877 μη
713 2791 875 2857 Πλάτωνα
899 2793 1045 2876 ἐπρίατο.
1079 2793 1239 2857 Aristides
1255 2793 1340 2858 enim
1364 2798 1563 2858 cumcontra

332 2899 483 2980 Gorgiam
515 2899 730 2980 Platonicum,
762 2920 824 2981 quo
855 2900 895 2963 iis
924 2900 978 2980 qui
1008 2917 1114 2962 coram
1143 2899 1261 2978 populo
1290 2899 1388 2963 verba
1419 2899 1562 2964 facerent

330 3007 522 3086 praesertim
547 3006 686 3072 Miltiadi
710 3006 916 3070 Themistocli
944 3005 1066 3069 Cimoni
1090 3004 1207 3068 Pericli
1231 3023 1336 3070 rerum
1362 3006 1560 3086 publicarum

330 3113 459 3177 inscitia
482 3113 705 3194 exprobratur,
729 3133 788 3194 pro
806 3113 1038 3195 quattuorviris
1062 3113 1126 3177 illis
1144 3113 1349 3193 declamaret,
1375 3132 1412 3176 eo
1430 3113 1559 3194 potissi-

329 3239 415 3283 mum
444 3219 653 3300 efferbuerat,
684 3221 769 3302 quod
799 3222 896 3285 istam
925 3225 1089 3284 oratorrun
1119 3220 1279 3284 inscitiam
1304 3219 1456 3286 Mithaeci
1476 3226 1560 3304 περὶ

330 3322 508 3411 ὀψοποιίας
531 3328 699 3407 scriptoris
722 3328 755 3390 in
779 3333 850 3390 arte
874 3328 1021 3408 gymnica
1043 3328 1246 3407 ignorantiae
1270 3326 1357 3392 houd
1380 3327 1558 3394 absimilem

329 3433 422 3497 Plato
440 3433 575 3498 dixisset
592 3433 704 3515 [Gorg.
730 3453 760 3514 p.
776 3435 840 3496 518
853 3433 903 3516 B].
939 3434 1053 3514 ltaque
1072 3434 1118 3498 sic
1135 3441 1241 3498 coram
1259 3434 1394 3498 Platone
1413 3439 1558 3498 oratores

328 3539 497 3620 loquentes
521 3541 600 3606 facit
623 3561 654 3622 p.
673 3543 752 3604 229:
778 3539 890 3624 ἐπειδη
917 3539 951 3604 δὲ
975 3539 1030 3602 καὶ
1052 3543 1213 3628 manasse
1237 3538 1452 3626 προσεικάζεις
1475 3536 1575 3624 ἡμᾶς.

400 3785 436 3855 70)
454 3802 480 3854 p.
501 3787 525 3853 2,
545 3787 561 3839 2
580 3788 626 3839 καὶ
647 3784 660 3839 ὃ
683 3785 848 3855 Ἀλκιβιάδης
871 3788 899 3838 δὲ
925 3783 988 3856 παρ’
1013 3786 1085 3854 αὐτῷ
1107 3787 1139 3840 τὰ
1163 3792 1223 3856 τρία
1242 3787 1324 3840 τοῦτο
1348 3793 1473 3856 φαίνεται
1495 3805 1556 3840 παι-

328 3876 448 3936 δευθείς·
468 3875 512 3929 διδ
531 3881 577 3928 καί
597 3894 660 3945 ηησι
678 3877 745 3946 πρὸς
764 3876 845 3928 αὑτὸν
863 3876 1007 3946 Σωκράτης
1027 3876 1125 3929 ιαὐλεῖν
1144 3878 1173 3929 δὲ
1193 3876 1240 3929 οὐκ
1259 3877 1375 3946 ίροιλλοδ
1387 3881 1452 3934 κτλ.
1490 3877 1555 3944 Qui·

327 3963 442 4017 buscum
455 3963 651 4030 comparandus
663 3963 796 4016 commin
807 3964 863 4016 Alc.
875 3965 888 4015 Ι
902 3963 1033 4032 [Creuzer
1047 3965 1135 4018 ‘initia
1147 3964 1337 4032 philosophiae
1351 3972 1379 4018 et
1393 3966 1555 4035 theologiuc’

327 4052 355 4105 Il
373 4068 399 4120 p.
422 4052 479 4122 ll]:
500 4051 668 4106 δεικνύουσιν
692 4048 740 4106 οὖν
759 4053 805 4105 τὸν
821 4052 998 4122 Ἀλκιβιάδην,
1024 4052 1059 4113 ὡς
1079 4058 1188 4124 εἴρηται,
1212 4054 1277 4125 μήτε
1300 4055 1363 4107 καθ’
1387 4056 1433 4109 ἕνα
1457 4055 1556 4125 τρόπον

327 4143 427 4212 γνόντα
446 4143 477 4195 τὰ
497 4141 617 4195 πολιτικά
632 4140 756 4213 ..μόνον
776 4143 831 4212 γὰρ
848 4140 999 4215 γράμματα
1017 4145 1063 4196 καί
1085 4144 1217 4215 μουσικὴν
1235 4147 1280 4196 καί
1302 4148 1425 4198 παλαίειν
1444 4149 1554 4216 ἔμαθεν.

399 4229 437 4300 ⁷¹)
455 4247 480 4298 p.
500 4233 525 4296 4,
545 4233 561 4286 3
581 4229 623 4284 dcl
644 4234 690 4284 καί
710 4235 737 4284 ἐν
757 4237 857 4304 Γοργίᾳ
877 4237 960 4300 φησίν
978 4234 1030 4285 κτλ.
1050 4232 1093 4286 διὸ
1113 4234 1234 4296 καλ..2,
1255 4234 1279 4286 3.
1299 4235 1324 4299 4,
1338 4235 1364 4287 3.·
1385 4236 1425 4288 ll.
1457 4233 1555 4287 Cetera

328 4333 398 4384 quae
418 4319 452 4372 nd
471 4317 594 4373 Platonis
614 4319 736 4387 dialogos
754 4325 879 4386 spectant
903 4325 993 4372 utrum
1014 4321 1048 4374 ad
1069 4319 1144 4373 illum
1164 4335 1197 4374 on
1217 4321 1249 4374 ad
1269 4320 1371 4374 iontem
1390 4309 1554 4390 reiciantur,

327 4405 383 4460 dici
401 4407 522 4462 nondum
539 4413 641 4475 potest.
