3516 5272
307 443 350 507 62

514 616 681 686 Apuleius
1141 615 1304 678 Laertius

305 759 373 802 uon
400 742 598 822 aspernatus
624 742 728 802 artem
761 743 888 823 tragoe·
937 733 1076 823 Ἰσθμοῖ,
1101 739 1196 805 καθά
1215 747 1270 804 καί
1287 745 1531 827 Δικαίαρχος

304 843 373 909 diis
416 849 448 908 et
494 842 713 929 dithyrambis
771 843 888 908 stilum
943 841 985 907 ἐν
1008 845 1144 933 προίτῳ
1160 847 1249 932 περὶ
1263 851 1373 930 βίων
1404 847 1529 925 λέγεται

305 951 400 1035 [corr.
451 953 628 1030 Vsenerus;
686 972 720 1016 si
772 949 888 1016 utilem
944 947 973 1012 δ’
1002 947 1049 1014 ὅτι
1076 953 1131 1015 καὶ
1156 958 1314 1039 γραφικῆς
1340 954 1529 1041 ἐπεμελήθη

305 1058 410 1143 codd]
435 1058 564 1137 finxit.
608 1060 745 1143 Iamque
767 1057 888 1123 carmi·
943 1055 998 1118 καλ
1020 1054 1188 1142 ποιήματα
1206 1058 1351 1147 ἔγραψεν
1373 1067 1428 1125 καὶ
1443 1065 1529 1148 πρά-

303 1188 388 1231 uum
422 1163 618 1251 confidentia
652 1165 759 1229 elatus
786 1171 888 1229 certa·
944 1187 984 1225 τα
1007 1164 1067 1245 μὲν
1091 1164 1333 1251 διθυράμβους·
1361 1166 1470 1232 ἔπειτα
1493 1169 1530 1232 δὲ

303 1280 406 1339 torem
428 1294 462 1338 se
478 1270 636 1359 profiteri
656 1271 817 1358 cupiebat,
849 1270 891 1336 ni
943 1275 997 1332 καὶ
1018 1269 1098 1356 μίλῳ
1121 1277 1174 1334 καὶ
1193 1272 1390 1360 τραγῳδίας·
1416 1273 1528 1339 ἔπειτα

303 1380 452 1448 Socrates
474 1377 698 1444 humilitatem
717 1378 889 1464 cupidinis
942 1375 1069 1458 μέλλων
1106 1373 1319 1456 ἀγωνιεῖσθαι
1362 1381 1529 1468 τραγῳδίᾳ

303 1508 347 1552 ex
368 1486 442 1551 eius
464 1485 627 1551 mentibus
657 1485 840 1572 expulisset
859 1491 892 1550 et
944 1481 1007 1569 πρὸ
1041 1489 1098 1547 τοῦ
1134 1492 1349 1552 Διονυσιακοῦ
1372 1487 1527 1574 θεάτρου,

302 1615 399 1660 uerae
425 1592 539 1658 laudis
560 1591 711 1678 gloriam
743 1594 782 1658 iu
815 1593 889 1659 eius
943 1587 1114 1676 Σωκράτης
1137 1588 1278 1667 ἀκούσας
1299 1593 1474 1679 κατέῳλέξε
1489 1594 1529 1658 τά

303 1700 457 1775 animum
481 1699 628 1764 inserere
649 1706 805 1765 curasset.
844 1703 891 1766 Et
943 1697 1111 1781 ποιήματα
1127 1699 1244 1764 εἶπάν·
1270 1696 1436 1786 Ἥφαιστε
1451 1701 1528 1788 πρά-

303 1815 399 1874 antea
432 1807 565 1894 quidem
599 1806 772 1872 Heracliti
806 1814 888 1873 secta
943 1803 1014 1886 μολ’
1049 1798 1126 1868 ὧδε·
1161 1803 1303 1872 Πλάτων
1331 1806 1371 1872 νά
1405 1829 1435 1872 τι
1464 1820 1528 1873 σεῖο

307 1916 427 1989 fuerat
446 1913 601 1988 imbutus,
619 1935 746 1991 oerum,
765 1938 889 1982 ταυτα
942 1910 1087 1991 χατίζυλ·

303 2020 435 2089 Socrati
475 2021 626 2096 dedisset,
673 2045 742 2088 nou
780 2024 887 2088 solum
942 2013 1137 2083 τούντεῦθεν
1174 2017 1213 2104 δή
1253 2019 1394 2101 γεγονώς
1426 2039 1528 2106 φασιν

305 2129 348 2212 [p.
376 2128 430 2212 65]
456 2128 594 2215 ingenio
616 2135 714 2214 atque
736 2130 887 2195 doctriua
943 2126 1061 2191 εἴκοσιν
1077 2123 1129 2209 ἔτη
1145 2124 1313 2212 διήκουσεν
1323 2127 1527 2215 Σωκράτους·

302 2233 485 2305 Socraticos
509 2240 628 2300 eeteros
656 2234 745 2309 vicit,
770 2256 887 2300 uerum

302 2341 402 2407 etiam
436 2342 544 2406 labore
573 2347 605 2406 et
636 2340 801 2427 elegantia
834 2341 887 2406 in-

303 2446 463 2513 lustravit
483 2445 682 2533 sapientiam
705 2447 744 2512 ab
767 2469 801 2513 eo
823 2447 891 2512 sibi

302 2553 472 2628 traditam,
503 2554 611 2618 labore
643 2575 708 2640 quo
737 2556 889 2619 adserere

302 2682 374 2726 eam
402 2658 500 2725 nisus
533 2664 593 2734 est,
629 2659 795 2745 elegantia
823 2668 888 2746 per

302 2788 403 2854 qnam
441 2771 609 2831 venustate
648 2772 681 2831 et
720 2765 889 2832 maiestate

301 2874 475 2939 uerborum
487 2872 522 2938 ei
528 2872 723 2959 plurimum
734 2872 890 2939 adhibuit

246 3049 251 3058 ,
302 2978 491 3065 diguitatis.

269 3094 273 3102 “
302 3086 359 3151 ΠΙ.
376 3085 444 3153 Sed
450 3090 663 3171 posteaquam
672 3084 820 3154 Socrates
830 3087 886 3150 ho·
942 3082 1064 3148 ἐκείνου
1087 3083 1123 3148 δ’
1146 3081 1354 3160 ἀπελθόντος
1381 3094 1528 3172 προσεῖχε

303 3191 411 3257 mines
426 3190 573 3276 reliquit,
598 3190 771 3276 quaesiuit,
798 3193 888 3257 unde
942 3189 1095 3278 Κρατύλῳ
1117 3215 1149 3254 τε
1172 3194 1217 3278 τῷ
1233 3189 1457 3279 Ἡρακλειτείῳ
1472 3198 1527 3256 καὶ

296 3298 483 3385 proficeret,
528 3305 561 3363 et
594 3300 642 3362 ad
676 3299 888 3384 Pythagorae
935 3295 1116 3384 Ἑρμογένει
1154 3305 1196 3385 τῷ
1238 3296 1278 3362 τά
1319 3300 1527 3384 Παρμενίδου

302 3403 515 3490 disciplinam
539 3427 572 3469 se
586 3403 735 3469 contulit.
777 3407 887 3490 Quam
937 3404 1191 3489 Ιφιλοσοφοῦντι·
1532 3413 1535 3418 “

302 3510 365 3576 etsi
385 3511 515 3577 ratione
536 3509 698 3595 diligenti
709 3517 741 3576 et
753 3510 887 3597 magni·

296 3617 364 3701 fica
387 3617 585 3683 instructam
607 3616 744 3692 uidebat,
769 3639 887 3682 uerum

302 3729 412 3789 tamen
423 3723 659 3790 continentiam
668 3730 700 3788 et
708 3725 886 3790 castitatem

302 3830 415 3917 magis
450 3830 599 3918 cupiebat
643 3829 785 3896 imitari.
842 3833 891 3894 Et

302 3939 393 4023 quod
403 3938 691 4024 Pythagoreorum
708 3937 887 4022 ingenium

301 4040 459 4107 adiutum
487 4042 678 4129 disciplinis
704 4043 786 4108 aliis
815 4065 887 4108 seu·

302 4147 412 4222 tiebat,
438 4149 485 4214 ad
511 4150 717 4214 Theodorum
742 4151 889 4236 Cyrenas
942 4147 1054 4212 ἔπειτα
1076 4149 1120 4225 είς
1136 4147 1281 4235 Κυρήνην
1300 4145 1434 4234 ἀπῆλθε
1448 4149 1528 4234 πρὸς

302 4259 343 4319 ut
358 4253 576 4340 geometriam
592 4255 731 4322 disceret
744 4263 793 4321 est
806 4263 887 4343 pro·
943 4255 1113 4343 Θεόδωρον
1135 4251 1192 4320 τὸν
1214 4255 1459 4344 μαθηματικόν·

298 4359 407 4439 fectus
428 4367 461 4425 et
479 4361 696 4448 astrologiam
