3516 5272
315 467 357 531 54

313 642 500 707 Laertiana:
534 641 714 708 adscribam
744 642 831 707 ahud
859 643 956 724 idque
985 643 1209 724 gravissimum
1240 639 1278 708 01
1305 643 1387 710 10110
1410 645 1540 712 Valerio

315 749 354 814 de
378 749 474 814 rebus
495 747 670 814 Alexandri
693 748 709 813 I
732 767 758 813 c.
779 749 818 812 13
843 747 891 831 [F.
908 749 948 814 H.
967 749 1005 815 G.
1022 749 1070 814 III
1092 769 1124 831 p.
1143 749 1238 833 584]:
1262 751 1318 814 De
1337 772 1375 816 eo
1399 751 1541 836 [institu-

313 854 402 920 tione
429 853 604 919 Alexandri
632 854 755 939 magni]
783 853 818 920 si
842 853 928 940 quid
952 853 1127 940 inquirere
1148 854 1332 921 studiosius
1362 857 1462 932 voles,
1491 863 1545 922 sat

313 959 376 1026 tili
406 960 504 1026 lector
536 960 646 1026 liiiio
677 983 839 1046 graecum
874 960 1049 1026 Favorini
1072 961 1198 1026 librum
1236 962 1301 1048 qui
1336 963 1542 1050 ‘omnigenae

312 1066 480 1133 historiae
501 1066 770 1153 superscribitur.
810 1067 888 1134 Illic
902 1065 1001 1132 etiam
1016 1067 1214 1132 Alexandri
1226 1067 1396 1134 i'iioeiieris
1409 1069 1539 1145 seriem,

312 1173 372 1238 cui'
379 1171 518 1259 generis
531 1172 743 1260 principium
761 1172 968 1260 praestitisse
978 1175 1110 1258 ferunt
1126 1175 1293 1240 Oceanum
1311 1183 1344 1242 et
1361 1177 1539 1252 Photidem,

313 1281 459 1367 euinque
490 1278 645 1368 fluxisse
685 1288 749 1366 per
787 1279 963 1346 Acrisium
1005 1282 1235 1366 Danaumque
1279 1287 1375 1368 atque
1419 1287 1542 1350 Persea

312 1388 496 1473 multosque
526 1385 612 1452 ali'os
639 1385 678 1451 iu
707 1386 884 1453 Perdiccae
910 1407 1038 1472 genera
1068 1387 1121 1452 nel
1145 1386 1396 1474 Philipporum.
1448 1391 1540 1455 Nam

313 1515 355 1558 ue
373 1492 569 1580 Olympiadi
581 1492 714 1578 quidem
730 1515 821 1558 secus
837 1501 989 1580 propago
1004 1497 1168 1578 generosa
1184 1501 1250 1569 est,·
1271 1518 1347 1560 cum
1362 1495 1542 1582 diligentia

308 1599 395 1686 pari
420 1623 442 1664 a
469 1599 595 1666 muudi
617 1599 790 1687 principio
814 1608 878 1687 per
900 1599 1090 1669 Saturnum
1118 1607 1214 1687 atque
1243 1603 1441 1689 Neptunum
1471 1609 1543 1668 tum

313 1705 414 1772 etiam
442 1706 621 1772 Telamona
643 1706 762 1772 seriem
781 1705 920 1792 generis
941 1705 1097 1772 adtexuit
1116 1709 1164 1772 ad
1182 1708 1384 1795 tertiumque
1403 1710 1542 1796 Neopto·

313 1814 436 1878 lemum
471 1815 560 1879 docet
585 1811 781 1899 prosapiam
816 1812 1009 1900 defluxisse,
1046 1812 1158 1880 euius·
1179 1837 1270 1881 uxor
1296 1816 1461 1903 Aiiasafio
1490 1816 1541 1901 [t]

312 1925 418 1985 mater
444 1919 654 2007 Olympiadis
665 1919 757 2004 fuit.

403 2028 459 2093 III.
486 2029 574 2106 Quae
610 2046 681 2092 oum
715 2028 763 2092 ita
799 2027 878 2107 sint,
914 2047 1029 2093 novam
1063 2027 1146 2093 hanc
1175 2047 1320 2110 propono
1349 2029 1543 2096 sententiam

315 2135 514 2216 ‘omnigenae
546 2132 703 2198 historiae
739 2132 860 2198 indices
890 2133 1154 2216 homonymorum
1177 2135 1300 2210 'deberi
1330 2136 1540 2202 Laertianos‘.

313 2241 350 2306 In
373 2246 525 2322 promptu
542 2245 591 2305 est
615 2239 729 2321 quibus
746 2242 944 2321 argumentis
967 2241 1056 2306 illam
1081 2243 1139 2308 sim
1156 2243 1416 2308 communimine.
1451 2243 1542 2309 Com-

314 2348 436 2430 parabo
461 2367 532 2412 cum
548 2347 699 2412 Favorini
722 2347 804 2412 libro
822 2346 950 2428 qualem
965 2347 1058 2414 nobis
1081 2347 1230 2416 11011000
1245 2350 1387 2416 1011000
1409 2349 1540 2416 100100.

404 2454 540 2520 a‘Non
563 2455 617 2518 litt
588 2458 689 2519 tterat
691 2471 727 2518 os
750 2458 876 2518 tantum
900 2455 956 2519 sed
979 2455 1103 2520 nobiles
1126 2456 1181 2520 ille
1196 2455 1418 2538 quisquisiuit
1432 2476 1542 2522 recen·

315 2560 381 2626 suit
402 2559 631 2642 homonymos’.
672 2560 848 2651 Favorinus
872 2562 958 2626 inter
981 2562 1044 2627 alia
1068 2563 1243 2644 scripserat
1265 2562 1545 2648 quotfueriut

315 2667 575 2752 Pythagorae
609 2664 764 2731 mobiles
796 2672 877 2751 quot
900 2667 1135 2754 suppuratae.
1188 2669 1291 2747 Quid?
1328 2670 1413 2752 quod
1443 2672 1542 2736 etiam

316 2780 429 2840 auctor
441 2774 564 2839 Laertii
575 2771 724 2838 uoliles
739 2773 1271 2861 quotfueri'uthtliagorue
1284 2774 1539 2862 enumeravit⁶⁷).

405 2881 435 2947 b.
463 2881 597 2946 ‘Iudices
629 2899 668 2945 ex
697 2881 791 2946 docto
820 2881 958 2962 quodam
987 2881 1164 2963 biographo
1192 2900 1256 2947 non
1284 2885 1378 2949 modo
1401 2884 1542 2966 philoso-

315 2988 452 3070 phorum
500 2988 637 3053 derivati
681 2984 825 3070 sunt’⁶⁸).
897 2986 1013 3069 Copias
1060 2988 1302 3070 doctrinamque
1346 2989 1541 3072 Omnigenae

388 3146 425 3216 ⁵⁷)
444 3147 578 3204 Levitatis
596 3145 776 3201 Nietzscheus
795 3145 946 3215 culpandus
965 3151 1016 3213 est,
1035 3146 1108 3215 quod
1125 3162 1152 3215 p.
1168 3149 1217 3202 191
1237 3147 1346 3202 scribit:
1364 3152 1402 3202 ‘E
1423 3168 1473 3202 non
1491 3169 1541 3202 om·

317 3256 363 3289 nes
381 3242 427 3290 sed
450 3245 481 3288 ut
502 3241 584 3288 Gellii
598 3240 685 3287 verbis
701 3241 833 3301 probatur
856 3239 952 3288 nobiles
976 3243 1076 3287 tantum
1095 3245 1121 3288 et
1140 3241 1265 3303 aequales
1285 3238 1465 3290 enumeravit.
1500 3239 1541 3293 De

316 3325 521 3394 aequalibus
539 3324 611 3392 apud
632 3322 750 3377 Gellium
767 3323 847 3391 plana
866 3323 943 3376 nihil.

389 3413 427 3484 58)
445 3415 560 3468 Praeter
578 3411 749 3468 Demetrium
769 3418 797 3466 et
809 3411 976 3465 Favorinum
994 3414 1057 3482 περὶ
1076 3409 1230 3484 ὁμωνύμων
1249 3413 1359 3482 scripsit
1374 3413 1542 3486 Ἀγερσιφῶν

319 3503 410 3571 [0011.
430 3503 593 3574 ‘Aypeoooiu
631 3501 665 3554 Κ.
690 3501 753 3554 Keil
775 3499 940 3570 Αμερσιφῶν
960 3500 994 3553 01.
1013 3500 1176 3556 Volkmann.
1200 3518 1292 3572 progr.
1315 3503 1383 3556 Part
1372 3508 1448 3558 tense
1474 3505 1547 3570 1871

315 3608 342 3660 p.
361 3591 409 3648 XI.
446 3592 479 3646 Ε.
498 3590 596 3646 Robde
616 3588 785 3660 ‘Apicianis'
805 3589 884 3660 [000.
898 3590 975 3644 rhen.
987 3589 1266 3662 XXXIV1[1879]p.
1280 3591 1364 3662 621²}
1394 3591 1468 3647 Suid.
1482 3609 1542 3648 s..v

312 3681 487 3742 Auollm'rior
506 3681 592 3750 ἕτερος
613 3679 729 3741 Τυανεὺς
749 3675 896 3749 uillaeque
915 3679 1040 3748 νεώτερος
1059 3680 1177 3751 γεγονώς
1189 3680 1228 3734 lu’
1245 3679 1385 3751 Ἀδριανοῦ
1403 3683 1449 3736 τοῦ
1467 3691 1543 3752 pooi-

316 3774 380 3830 λέως
408 3768 448 3830 ὡς
473 3770 674 3840 Ἀγερσιφῶν
702 3773 735 3822 ἐν
762 3770 802 3838 τῷ
830 3770 908 3839 περὶ
936 3766 1133 3841 ὁμωνύμων.
1169 3769 1218 3822 Ex
1242 3784 1308 3823 uno
1331 3770 1488 3826 hocloco
1508 3773 1541 3828 de

316 3859 520 3928 Agessiphonte
540 3891 573 3900 -
597 3857 625 3912 id
650 3857 723 3926 qnod
745 3856 811 3912 10011
834 3856 1018 3912 Nietzscheus
1047 3857 1126 3928 [mus.
1155 3859 1233 3913 rhen.
1259 3858 1350 3914 XXIV
1369 3876 1395 3928 p.
1420 3862 1471 3916 227
1491 3864 1540 3932 sip]

316 3943 468 4013 probarunt
487 3943 533 3996 alii
553 3942 695 3998 -facere
716 3944 887 4000 coniecturas
906 3961 961 4000 non
978 3946 1053 4000 licet.
1074 3977 1106 3986 —
1125 3948 1171 4002 Ex
1189 3963 1283 4002 00100
1301 3950 1365 4020 περὶ
1388 3946 1543 4022 ὁμωνύμων

316 4033 478 4102 scriptorum
498 4047 607 4102 genere,
633 4033 786 4100 exquibus
809 4035 1426 4106 000Βο001110010101100011010101100,
1454 4039 1542 4092 seclu-

316 4121 398 4176 dendi
417 4128 480 4175 sunt
499 4121 632 4190 Didymus
652 4127 680 4174 et
699 4121 870 4178 Ptolemaeus
889 4124 1113 4193 Hephaestionis,
1138 4125 1167 4180 id
1186 4125 1258 4193 quod
1277 4141 1332 4179 non
1349 4127 1490 4196 perspexit
1508 4127 1542 4181 D.

316 4210 504 4266 Volkmannus
522 4210 559 4264 ib.
571 4226 598 4279 p.
611 4211 698 4266 XVII.
729 4210 892 4281 Didymus
911 4213 983 4268 enim
998 4230 1093 4269 eorum
1106 4220 1212 4270 tantum
1230 4215 1414 4270 nonnullos
1433 4231 1540 4286 compo·

318 4300 381 4368 suit,
400 4300 447 4368 qui
466 4299 539 4369 apud
558 4300 679 4354 00001000
698 4299 810 4368 graecos
829 4310 1013 4358 occurrerent.
1043 4303 1259 4358 Ptolemaeus
1279 4302 1541 4360 (110000000οη-

317 4388 385 4442 titus
403 4395 445 4444 001
465 4389 651 4444 tantummodo
669 4389 873 4444 homericarum
891 4391 1006 4446 heroum
1025 4392 1204 4462 cognomines.
1243 4391 1283 4448 ef.
1297 4393 1378 4448 Phot.
1396 4393 1463 4450 bibl.
1482 4395 1542 4450 001.
