3506 5272
340 473 403 537 130

337 651 436 716 tertio
459 647 641 732 Thucydide
664 647 845 716 Polemonis
868 647 970 732 ipsius
992 647 1212 716 testimoninm
1235 649 1319 716 sicut
1342 647 1465 716 Laertii
1490 650 1558 717 bio·

338 757 479 840 graphus
504 753 762 841 suppeditat¹⁴⁸).

427 868 457 931 2.
481 863 743 932 Wilamowitzius
766 883 797 948 p.
815 864 880 930 348
905 881 975 930 cum
998 863 1178 931 Marcellini
1201 864 1305 932 indice
1328 865 1398 932 iure
1421 866 1558 933 alterum

338 973 500 1041 coniunxit
530 977 682 1056 quattuor
711 991 784 1040 cnm
812 990 937 1056 qnoque
970 973 1248 1057 complectentem,
1283 973 1346 1040 nisi
1380 974 1466 1057 quod
1498 993 1558 1057 pro

338 1079 534 1146 Acherdusio
574 1081 777 1164 Gargettium
819 1081 977 1164 quendam
1020 1081 1196 1148 nominavit
1240 1081 1426 1165 ceteroquin
1463 1082 1559 1164 plane

338 1188 507 1254 obscurum
535 1185 572 1254 ol.
604 1187 701 1254 schol.
726 1187 889 1271 Aristoph.
920 1207 1008 1272 vesp.
1034 1189 1097 1254 947
1121 1192 1267 1276 τέτταρες
1295 1188 1325 1253 δ’
1353 1190 1415 1253 οἰσὶ
1438 1189 1559 1254 Θουκυ-

338 1295 427 1360 δίδαι
441 1291 617 1381 Ἀθηναῖοι
640 1292 660 1361 ά
683 1292 931 1382 έστοριογράφος
954 1295 1009 1360 καὶ
1031 1292 1255 1383 ὅΓαργήττιος
1277 1296 1333 1360 καὶ
1357 1291 1559 1372 ύΘετταλὸς

338 1403 418 1489 [καὶ]
453 1398 546 1479 οὗτος
580 1401 680 1492 ῥήτωρ
714 1406 843 1492 ἄριστος
872 1400 1041 1486 τυγχάνων
1070 1402 1133 1470 κτλ.
1167 1403 1249 1489 [scil.
1278 1404 1432 1470 Melesiae
1459 1403 1558 1489 filins]

338 1511 376 1577 ol.
401 1511 621 1578 Wilamowitz.
649 1533 681 1595 p.
699 1513 763 1579 349
798 1531 828 1579 n.
880 1511 1033 1578 Primitns
1066 1510 1167 1594 igitur
1200 1511 1297 1578 index
1328 1511 1384 1578 ille
1419 1512 1557 1595 quinque

336 1619 492 1686 nobiles
513 1619 710 1687 continebat:

429 1729 456 1792 1.
474 1727 671 1794 historicum.
713 1730 743 1794 2.
761 1726 916 1794 Melesiae
937 1726 1048 1794 fiHnm.
1089 1727 1119 1795 3.
1137 1725 1348 1793 Pharsaliam.
1392 1728 1423 1794 4.
1440 1725 1559 1792 Acher-

338 1835 473 1902 dusium.
522 1835 550 1900 5.
578 1834 789 1918 Gargettium.
836 1834 920 1901 Hinc
949 1840 1101 1919 quattuor
1129 1838 1163 1901 et
1189 1834 1394 1900 Marcellinus
1423 1836 1559 1918 sumpsit

340 1947 373 2008 et
402 1947 633 2009 commentator
661 1941 887 2025 Aristophanis
911 1941 1132 2026 [Symmachus
1163 1941 1203 2008 de
1226 1941 1461 2009 Wilamowitzii
1489 1961 1559 2009 sen-

337 2050 441 2116 tentia
469 2049 542 2135 ib.],
572 2050 625 2116 hic
653 2055 762 2117 tamen
789 2050 837 2116 ita
865 2055 902 2116 ut
923 2050 1136 2117 Athenienses
1165 2049 1285 2132 eligere
1308 2049 1429 2116 mallet.
1475 2049 1558 2116 Fore

338 2176 493 2240 auguror,
527 2162 564 2223 nt
596 2157 657 2224 hac
691 2177 787 2240 quam
820 2159 984 2240 ingressus
1020 2177 1089 2225 snm
1122 2158 1175 2224 via
1208 2157 1247 2222 de
1283 2156 1399 2222 ceteris
1433 2175 1559 2240 quoque

338 2263 494 2346 catalogis
515 2264 707 2330 schohornm
723 2265 1031 2348 Aristophaneornm
1047 2267 1088 2332 ad
1103 2284 1213 2331 verum
1228 2264 1447 2346 perveniatur:
1464 2264 1558 2330 modo

337 2370 546 2436 excludantur
573 2371 719 2439 nonnulli
742 2372 844 2458 [velut
868 2372 1059 2456 Sibyllarum
1082 2373 1298 2456 Bacidumque
1321 2371 1457 2456 indices]
1480 2391 1558 2437 neve

337 2479 431 2545 fallat
477 2481 659 2562 aporiatum
705 2500 805 2564 genus
851 2480 953 2566 [velut
997 2480 1166 2566 Molones].
1234 2480 1362 2546 Etenim
1406 2497 1465 2545 nec
1503 2481 1559 2545 Di·

338 2588 451 2671 dymns
463 2585 517 2672 144)
552 2607 612 2655 noc
642 2587 892 2670 Eratosthenes,
932 2589 971 2654 de
1006 2588 1121 2671 quibus
1155 2586 1245 2654 inere
1280 2588 1334 2671 qui
1370 2588 1558 2670 cogitarent,

337 2695 411 2761 illos
450 2701 709 2778 composuerunt;
748 2715 853 2780 neque
890 2696 925 2761 in
962 2699 1033 2762 arto
1072 2696 1333 2784 κωμῳδουμένων
1371 2713 1448 2779 gyro
1487 2713 1560 2761 con·

337 2803 481 2869 tinentur
516 2801 705 2890 omnes¹⁴⁵)‚
741 2805 799 2872 sed
830 2824 870 2871 ex
898 2804 1054 2886 ampliore
1083 2807 1155 2889 περὶ
1182 2799 1363 2888 ὁμωνύμων
1390 2821 1488 2886 opere
1514 2803 1561 2870 vi·

340 2911 455 2976 dentur
490 2911 645 2993 excerpti3
681 2911 816 2978 observa
849 2912 943 2978 modo
972 2912 1131 2978 rationem
1159 2911 1284 2976 dicendi
1311 2910 1409 2978 schol.
1444 2911 1477 2977 in
1504 2911 1558 2976 Ar.

338 3035 408 3100 pac.
439 3019 518 3084 928:
566 3018 752 3102 Theogenes
786 3037 918 3102 pauper.
954 3018 1019 3084 δοττ
1053 3017 1090 3085 δέ
1122 3022 1177 3082 καὶ
1210 3017 1312 3092 ἄλλος
1345 3021 1509 3104 Θεαγένης
1541 3013 1564 3083 δ
1683 3053 1686 3060 ¹

339 3127 395 3201 εἰς
415 3121 575 3213 Ὅμηρον
604 3125 775 3215 γράψας,
808 3125 862 3190 καὶ
889 3124 925 3204 ὃς
952 3120 1004 3211 [ὅς
1031 3130 1086 3189 καὶ
1112 3125 1202 3192 codd.
1232 3125 1327 3191 aliter
1357 3125 1561 3210 Sengobusch

411 3356 462 3429 ¹4³)
479 3357 520 3413 Of.
533 3356 674 3414 Laertium
686 3355 715 3411 II
733 3359 796 3414 104:
818 3355 1047 3430 [Theodoromm]
1067 3357 1213 3419 δωδέκατος
1227 3354 1375 3428 ζωγράφος,
1389 3347 1420 3411 οὗ
1432 3360 1562 3430 μέμνηται

339 3452 478 3520 Πολέμων.
504 3448 545 3504 IV
563 3450 609 3505 58:
629 3447 769 3519 [Bionum]
793 3447 890 3520 ὄγδοος
907 3447 1035 3514 Μιλήσιος
1060 3445 1292 3520 ἀνδριαντοποιός,
1316 3439 1347 3500 οὗ
1370 3450 1499 3520 μέμνηται
1516 3448 1563 3502 καλ

340 3542 477 3612 Πολέμων.
504 3537 531 3593 V
549 3540 594 3596 85:
614 3537 842 3609 [Demetriorum]
861 3541 978 3611 πέμπτος
996 3536 1224 3610 ἀνδριαντοποιός,
1238 3530 1268 3591 οὗ
1280 3540 1411 3609 μέμνηται
1423 3540 1560 3610 Πολέμων.

411 3627 462 3700 ¹44)
482 3628 572 3684 Schol.
591 3627 639 3682 Ar.
658 3643 716 3683 ran.
734 3629 781 3684 ὅδε
807 3627 951 3700 Δι’δυμύς
975 3645 1064 3700 φησιν,
1088 3624 1126 3683 ὅτι
1150 3628 1199 3682 δύο
1217 3625 1343 3690 Μόλωνές
1368 3631 1437 3682 εἰσιν
1458 3624 1472 3682 ὁ
1496 3624 1561 3684 ὑπο·

339 3713 426 3790 κριτὴς
444 3718 490 3772 καὶ
507 3715 521 3773 ὁ
538 3716 697 3786 λωποδύτης,
724 3717 789 3772 hinc
803 3716 900 3773 Snidas
919 3733 940 3773 s.
959 3735 985 3773 v.
1002 3717 1136 3788 Apertum
1158 3722 1201 3773 est
1224 3732 1258 3772 ex
1280 3717 1334 3774 hoc
1351 3718 1472 3788 exemplo
1491 3719 1562 3774 nihil

341 3807 465 3863 concludi
483 3824 572 3877 posse.

412 3897 572 3970 14⁵)Sehol.
597 3898 646 3953 Ar.
674 3899 738 3955 nub.
768 3899 848 3954 1022:
881 3894 1060 3969 [Antimachi]
1086 3891 1101 3952 ὅ
1123 3901 1160 3960 ele
1184 3893 1311 3964 θηλύτητα
1333 3896 1560 3972 κωμῳδούμενος·

341 3988 395 4044 lori
412 3990 441 4044 δέ
454 3989 500 4043 κού
511 3990 595 4062 ἕτερος
606 3989 648 4044 lud
660 3994 774 4062 πονηρίᾳ
786 3985 1014 4062 κωμῳδούμενος·
1032 3993 1115 4059 τρίτος
1133 3984 1147 4043 ὃ
1161 3986 1288 4050 Ψατάδος
1299 3987 1457 4061 λεγόμενος·
1475 3993 1560 4062 τέταρ-

340 4100 383 4141 τος
400 4076 572 4152 ὃτρωττεζύτης
584 4072 614 4134 οὗ
627 4082 757 4152 μέμνηται
768 4078 914 4140 Εὔπολις
932 4082 960 4134 έν
971 4079 1082 4152 Δήμοις·
1101 4081 1248 4151 πέμπτος
1263 4074 1277 4132 ὃ
1291 4077 1560 4152 ἱστοριογράφος.

377 4167 467 4225 Schol.
485 4169 534 4224 Ar.
553 4183 617 4223 sves
635 4170 700 4226 822:
728 4169 779 4224 τλσέ
805 4167 836 4222 δέ
861 4168 907 4221 καλ
933 4167 1009 4222 ἄλλοι
1035 4166 1085 4222 δύο
1103 4171 1284 4240 Θεαγένεις
1311 4171 1350 4230 εἶς
1372 4169 1425 4241 μέν
1450 4165 1464 4222 ὃ
1486 4169 1562 4240 περὶ

335 4255 477 4332 Ὁμήρου
501 4257 635 4332 γράψας
658 4259 741 4331 έτερος
768 4258 797 4313 δ’
822 4255 836 4313 ὃ
858 4259 902 4313 dni
924 4262 1044 4330 μαλατύῳ
1068 4257 1260 4329 σκωπτόμενος.
1279 4288 1312 4298 -
1331 4258 1562 4332 κωμῳδουμένους

342 4349 408 4406 alibi
435 4348 522 4419 tangit
550 4350 629 4405 solos.
654 4347 695 4405 Of.
724 4349 809 4405 schol.
835 4348 864 4404 in
887 4350 935 4404 Ar.
962 4347 1031 4419 plut.
1057 4351 1118 4406 180:
1146 4348 1239 4404 neunt
1264 4349 1294 4403 δὲ
1320 4348 1451 4419 reposcos
1477 4370 1561 4422 κομῳ

342 4442 450 4496 (λοῦνται
467 4444 517 4495 ιττλ.
