3506 5272
1351 445 1413 508 125

185 629 218 689 et
233 623 413 706 Hesychius
438 640 476 686 cx
501 621 672 702 omnigena
695 620 832 685 historia
856 625 1092 701 excerpserunt.
1134 619 1231 685 Novit
1246 625 1416 701 praeterea

185 731 303 794 librum
320 729 477 793 Demetrii
494 727 615 807 Scepsii
634 727 724 807 adeo,
750 731 786 790 ut
802 726 949 791 laudibus
967 725 1097 791 efferret
1121 725 1172 809 [cf.
1190 746 1220 807 p.
1236 727 1303 809 47],
1328 732 1361 791 et
1383 727 1416 790 in

185 838 385 911 oraculorum
410 835 637 917 Sibyllinorum
668 835 849 915 cognitione
879 839 950 898 erat
977 837 1139 913 versatus,
1174 834 1201 896 si
1231 833 1359 914 quidem
1382 834 1416 898 in

185 945 330 1010 oratione
362 942 568 1007 Corinthiaco
597 961 678 1023 quae
715 946 855 1005 aetatem
883 941 959 1005 tulit
989 938 1037 1027 [cf.
1063 941 1254 1022 epimetrunr
1284 939 1313 1022 l]
1341 940 1415 1005 inde

186 1051 345 1133 prompsit
377 1048 539 1114 nonnulla.
592 1049 738 1129 Denique
774 1047 996 1129 gravissimum
1033 1047 1286 1111 commemorabo
1322 1065 1416 1128 argu·

184 1163 335 1223 mentum.
371 1157 515 1220 Eatenus
540 1156 677 1236 scriptor
701 1155 815 1219 indicis
840 1173 910 1218 curn
934 1154 1057 1234 volgari
1078 1155 1226 1235 opinione
1245 1154 1414 1234 consentit,

184 1266 269 1346 quod
293 1264 503 1346 Herophilam
527 1269 620 1327 vocat
643 1263 866 1344 Erythraeam,
892 1262 1064 1342 discrepat,
1089 1262 1174 1343 quod
1199 1260 1357 1341 Apollinis
1381 1266 1415 1324 et

184 1373 313 1436 Lamiae
338 1371 437 1435 filiam
461 1370 551 1434 illam
575 1389 645 1435 esse
669 1370 778 1449 voluit,
805 1389 875 1433 cum
898 1389 961 1433 non
986 1369 1087 1432 solum
1105 1368 1320 1449 Apollodorus
1337 1369 1415 1449 Ery-

185 1480 317 1544 thraeus
346 1499 455 1544 verum
479 1483 609 1560 practer
639 1477 729 1541 illum
752 1477 857 1558 ipsum
882 1495 992 1540 omnes
1015 1476 1175 1540 hominem
1200 1475 1358 1558 quendam
1382 1480 1415 1539 et

188 1586 359 1668 nympham
398 1586 528 1657 Idaeam
567 1604 626 1666 pro
665 1584 854 1666 parentibus
895 1583 1033 1666 Sibyllae
1073 1584 1285 1648 venditarent.
1344 1582 1415 1647 Non

188 1694 264 1757 licet
293 1713 363 1756 curn
390 1690 450 1755 hac
474 1692 605 1756 Lamiae
629 1690 697 1756 filia
721 1691 915 1756 confundere
940 1691 1075 1755 alteram
1099 1691 1251 1772 Libycam
1273 1690 1358 1755 lovis
1382 1695 1415 1754 ct

185 1801 315 1865 Lamiae
338 1799 534 1880 progeniem,
560 1818 752 1880 quamquam
776 1799 845 1879 ipse
870 1797 1012 1862 confudit
1028 1798 1141 1862 indicis
1158 1798 1306 1878 scriptor.
1346 1798 1414 1861 lam

185 1927 259 1973 vero
290 1925 394 1971 nonne
426 1925 528 1988 paene
551 1907 751 1988 inopinatum
776 1905 893 1968 accidit
919 1909 956 1968 ut
979 1904 1155 1968 Favorinus
1184 1905 1223 1968 de
1247 1904 1359 1968 Lamia
1382 1906 1415 1968 in

186 2015 332 2079 oratione
355 2012 412 2077 illa
429 2012 634 2076 Corinthiaca
657 2013 811 2092 scriptum
834 2011 1053 2092 relinqueret?
1091 2011 1224 2092 Legitur
1239 2030 1269 2091 p.
1286 2011 1349 2074 523
1366 2030 1412 2092 sq.

185 2119 220 2184 αί
234 2118 371 2205 μὲνγὰρ
389 2120 488 2184 ἄλλαι
512 2119 614 2204 λήξεις
638 2145 669 2181 τε·
692 2124 747 2181 καὶ
770 2118 889 2203 κτήσεις
913 2119 976 2183 τῶν
999 2117 1091 2181 θεοῖν
1106 2114 1187 2180 aare?
1205 2117 1306 2201 μόνας
1322 2121 1413 2198 είσίν,

177 2229 294 2312 Ἆργος
316 2231 376 2311 μὲν
391 2225 507 2312 Ἤρας,
531 2224 677 2310 Ἀθηνᾶς
700 2223 738 2289 δὲ
756 2221 911 2308 Ἀθῆναι,
941 2230 996 2287 καὶ
1019 2220 1126 2304 αῦτιῦν
1148 2249 1184 2303 γε
1207 2224 1328 2289 τούτων
1351 2226 1415 2289 νοῦν

184 2336 274 2397 θεῶν
299 2331 408 2408 Ῥόδος
435 2337 496 2416 μὲν
519 2331 644 2409 Ἡλίου,
666 2334 839 2418 Ὄγχησιος
873 2331 909 2395 δὲ
942 2333 1157 2412 Ποσειδῶνος,
1195 2332 1354 2418 Κόρινθος
1381 2331 1413 2394 δ’

109 2453 130 2465 “
185 2435 358 2524 ἑκατέρων·
382 2437 526 2510 εἰκάσαις
550 2436 593 2503 δν
617 2440 840 2522 αἰνιττομένου
864 2444 919 2502 τοῦ
943 2438 1054 2522 μύθου
1077 2439 1111 2502 τό
1134 2441 1188 2524 τῆς
1203 2442 1262 2524 γῆς
1278 2438 1313 2503 ἒν
1328 2443 1414 2526 μέσῳ

185 2544 245 2608 δῦο
270 2545 424 2624 πελαγῶν
448 2542 511 2610 rino*
530 2552 586 2610 τοῦ
598 2543 710 2608 Ἡλίου
726 2545 891 2631 ἐξαίρετον
906 2546 1107 2628 βουλομένου
1121 2551 1178 2610 τοῦ
1197 2546 1412 2617 Ποσειδῶνος·

184 2649 222 2714 τὸ
249 2655 310 2733 μὲν
337 2647 397 2716 οῦν
424 2657 479 2716 τοῦ
506 2649 618 2735 μῦθου
647 2677 681 2714 τε
715 2659 769 2714 καὶ
797 2658 851 2717 τοῦ
879 2653 978 2732 λόγου
1007 2653 1080 2741 τῇδε
1103 2653 1147 2744 πῇ
1171 2653 1328 2734 συνᾷδον·
1360 2654 1414 2716 καί

184 2761 287 2842 τρίτην
325 2758 379 2821 ἐπὶ
411 2759 537 2835 δισσαῖς
573 2757 680 2844 χοίρισι
715 2755 782 2842 τὴν
815 2756 1041 2846 θεσπιῳδὸν
1072 2758 1273 2840 Σίβυλλαν
1307 2781 1413 2845 παρα-

188 2864 287 2944 καλεῖ,
312 2871 383 2954 τιμῇ
407 2864 443 2928 δέ
466 2865 498 2929 οἱ
521 2869 604 2929 θεοῦ
620 2863 732 2949 φωνὴν
756 2865 922 2945 λαχοῦσαν
946 2867 1020 2947 ᾄδει
1040 2864 1132 2947 μα’λα
1156 2871 1251 2951 μέγα·

278 3009 311 3017 -
344 2971 502 3055 εὔδαιμόν
517 2977 545 3034 τί
566 2994 613 3035 τοι
630 2967 685 3035 ὧδ’
710 2970 752 3045 ιῦς
775 2971 882 3053 ὄλβιος
907 2969 1008 3056 αῦχήν

268 3073 429 3144 Ὠκεανοῦ
451 3075 764 3164 ιιοῦρηςἘῳυραίης,
793 3078 880 3142 ἔνθα
906 3080 1108 3144 Ποσειδῶν
1259 3163 1261 3167 ι

274 3185 414 3272 μητρὸς
443 3187 533 3271 ἐμῆς
557 3190 716 3270 Λαμίας
739 3189 906 3271 γενέτωρ
930 3188 1116 3272 προῦθηκεν
1140 3183 1255 3265 ἄγῦνα

275 3293 397 3377 πρῶτος
420 3292 480 3375 ἀμ’
500 3289 623 3380 Ἠελίῳ,
647 3292 741 3376 τιμάς
763 3294 798 3358 δ’
824 3287 979 3379 ἠνέγκατο
1001 3297 1129 3374 μοῦνος.

276 3396 498 3476 Quaerendum
525 3405 588 3480 est,
620 3399 704 3464 unde
728 3399 825 3464 fuerit
848 3400 928 3465 haec
952 3400 1086 3483 Sibylla;
1118 3403 1200 3466 duae
1224 3401 1308 3466 enirn
1332 3401 1414 3467 fere-

186 3504 304 3569 bantur
327 3505 458 3570 Lamiae
481 3504 567 3571 filiae
591 3511 624 3570 et
646 3505 826 3588 Erythraea
850 3513 883 3572 et
906 3507 1034 3590 Libyca,
1059 3513 1197 3590 utraque
1221 3528 1240 3572 a
1263 3508 1413 3590 Neptuno
1436 3517 1438 3524 ’

187 3612 305 3692 genita.
352 3612 513 3676 Intererat
535 3617 653 3692 tamen,
678 3614 763 3695 quod
787 3614 906 3696 Libyca
928 3621 1023 3696 patre
1046 3616 1197 3681 utebatur
1220 3616 1309 3697 Iove,
1335 3617 1413 3699 Ery-

187 3718 302 3782 thraea
325 3719 483 3800 Apolline.
525 3720 628 3785 Cr'cdo
652 3721 742 3802 tangi
766 3721 830 3785 illis
853 3722 1020 3787 versiculis
1044 3722 1267 3804 Erythraeam,
1293 3725 1320 3788 si
1344 3725 1413 3806 qui-

187 3827 259 3890 dem
275 3825 395 3908 Libyca
411 3828 552 3891 carmina
575 3828 745 3909 reliquisse
769 3830 954 3910 putabatur,
978 3830 1035 3893 illa
1050 3849 1114 3894 non
1130 3831 1207 3895 item
1223 3829 1275 3914 [cl.
1295 3831 1412 3896 Suidae

187 3933 323 3998 indicem
352 3933 391 4018 I].
439 3935 527 4012 Quae
564 3955 634 3999 cum
666 3936 713 4000 ita
741 3936 820 4016 sint,
857 3938 955 4001 ctiam
984 3939 1130 4019 quintum
1159 3939 1255 4020 idque
1283 3939 1412 4003 maximi

186 4041 340 4104 momenti
379 4041 532 4106 indicium
570 4043 655 4123 quod
689 4044 922 4123 postulavimus
959 4045 1107 4109 convenit
1141 4045 1174 4109 in
1209 4045 1410 4126 Favorinum,

187 4147 337 4229 quoniam
373 4166 428 4212 eos
463 4149 551 4229 ipsos
585 4168 698 4214 versus
733 4151 787 4232 qui
821 4153 989 4216 nominant
1019 4151 1158 4234 Sibyllae
1192 4157 1328 4216 matrem
1357 4154 1412 4216 ad·

188 4255 326 4336 scripsit.
