3516 5272
288 350 329 410 72

287 543 328 590 ne
352 525 423 606 quis
446 542 505 605 pro
522 523 695 606 Porphyrii
717 522 861 588 venditet
884 521 1069 588 auctoribus
1086 559 1128 570 -
1146 523 1179 588 id
1194 524 1280 606 quod
1303 543 1363 606 per
1386 530 1513 608 tempus

260 630 401 697 ’liceret
432 669 474 677 —
503 629 703 694 instituenda
739 634 789 694 est
818 629 922 694 denuo
958 627 1165 709 comparatio.
1219 629 1343 714 Sequar
1375 633 1513 716 vestigia

289 739 376 804 vitae
399 739 426 802 B
451 734 510 824 [τε
532 733 704 822 Anonymi]
729 735 919 818 diligentius
942 737 1082 818 scriptae
1106 738 1253 819 quamA
1278 735 1333 825 [=
1353 739 1514 822 Olympio·

290 842 412 932 dorus].

377 953 404 1016 B
429 953 464 1032 5,
492 953 532 1016 18
558 950 615 1015 ‘Pl
641 950 681 1013 ab
706 949 866 1014 Aristoole
896 968 955 1015 avo
979 950 1171 1015 Aristoclem
1198 956 1347 1016 vocatum
1377 953 1442 1018 sive
1473 952 1513 1020 ob

246 1096 249 1100 ·
289 1059 430 1142 pectoris
441 1059 647 1123 latitudinem
661 1057 728 1120 sive
741 1056 781 1121 ob
793 1055 909 1122 frontis
919 1056 1162 1138 amplitudinem
1173 1057 1240 1123 sive
1247 1063 1381 1140 propter
1388 1059 1515 1125 dicendi

290 1166 520 1232 abundantiam
551 1183 665 1229 nomen
695 1164 858 1228 mutasse’.
885 1201 927 1212 -
955 1162 1044 1227 Idem
1072 1162 1249 1244 Diogenes,
1279 1164 1342 1230 nisi
1365 1166 1450 1246 quod
1474 1167 1516 1230 ad

290 1273 430 1354 priorem
443 1271 582 1337 nominis
593 1270 894 1352 interpretationem
911 1275 1027 1336 testem
1043 1269 1216 1351 adscripsit
1229 1271 1444 1351 Alexandrum
1454 1273 1516 1337 Po-

290 1379 489 1462 lyhistorem,
503 1379 545 1443 ad
557 1379 693 1442 alteram
704 1376 905 1442 Neantbem.
931 1376 1087 1459 Apuleius
1099 1377 1240 1459 priorem
1253 1377 1354 1443 solam
1366 1380 1514 1445 servavit.

290 1506 321 1567 p.
349 1487 378 1567 5,
405 1488 446 1552 28
476 1505 543 1568 sqq.
571 1485 749 1549 ‘Platonem
777 1502 852 1549 vere
880 1501 951 1548 esse
975 1483 1178 1565 Apollineum
1208 1485 1331 1550 somnio
1359 1486 1517 1568 adparere

452 1592 615 1658 Socratis'.
640 1627 685 1638 -
707 1591 815 1656 Laert.
841 1590 935 1671 Apul.

292 1720 335 1782 p.
350 1703 379 1780 6,
406 1701 425 1764 6
450 1719 518 1783 sqq.
538 1699 640 1764 ‘Diem
656 1696 799 1762 natalem
815 1695 914 1762 fuisse
929 1697 1035 1779 pridie
1051 1715 1147 1779 quam
1164 1697 1306 1764 Socratis
1323 1703 1356 1764 ot
1371 1699 1515 1765 Dianae’.
1609 1706 1610 1709 ’

452 1807 559 1872 Laert.
587 1803 640 1892 [ex
663 1801 886 1890 Apollodoro]‚
910 1803 1004 1886 Apul.

293 1934 324 1995 p.
351 1916 381 1994 6,
407 1915 448 1980 23
474 1913 665 1994 ‘Apollinem
690 1930 729 1976 en
751 1911 935 1976 Perictione
958 1912 1107 1993 genuisse
1131 1912 1320 1980 Platonem’.
1342 1951 1386 1962 -
1408 1913 1517 1980 Laert.
1542 1951 1547 1978 .

457 2017 510 2106 [ex
534 2020 724 2101 Speusippo,
751 2018 914 2098 Clearcho,
940 2015 1155 2105 Anaxilaide],
1180 2020 1273 2101 Apul.

293 2148 325 2209 p.
351 2131 380 2208 6,
406 2130 447 2192 37
474 2127 639 2192 ‘Docrusse
655 2126 703 2192 Pl.
720 2126 753 2190 in
770 2127 979 2208 grammatica
994 2126 1193 2208 Dionysium,
1214 2127 1305 2194 cuius
1320 2130 1520 2196 meminisset

453 2232 490 2297 ἐν
506 2229 687 2318 Ἐρασταῖς,
712 2233 745 2298 in
769 2233 969 2315 gymnastico
991 2233 1190 2313 Aristonem
1220 2240 1392 2316 praetereo
1414 2235 1520 2319 dithy-

453 2340 637 2408 ramborum
661 2345 695 2404 et
717 2341 956 2422 tragoediarum
979 2347 1104 2422 poetas,
1129 2340 1267 2423 denique
1289 2342 1450 2422 pictores'.
1475 2379 1520 2395 -—

455 2448 563 2514 Laert.
589 2447 682 2528 Apul.

296 2575 327 2636 p.
354 2558 383 2636 7,
411 2556 451 2618 16
476 2574 545 2637 sqq.
572 2552 710 2641 [Olymp.
739 2554 773 2619 in
798 2553 895 2634 Gorg.
919 2573 950 2634 p.
976 2551 1055 2640 392]
1087 2554 1245 2620 ‘Ethicam
1275 2561 1311 2622 ut
1338 2556 1479 2622 disceret
1501 2575 1521 2622 a

458 2662 601 2742 Socrate,
625 2661 673 2726 Pl.
700 2679 920 2727 concremasse
944 2661 1105 2726 carmina’.
1130 2699 1176 2708 -
1198 2663 1305 2728 Laert.
1331 2664 1424 2745 Apul.

298 2788 329 2850 p.
355 2771 385 2849 7,
411 2770 453 2833 23
478 2788 545 2851 sqq.
573 2766 711 2854 [Olymp.
738 2766 795 2856 ib]
827 2769 980 2834 ‘Socratis
1008 2768 1226 2835 defensionem
1254 2789 1318 2835 non
1347 2771 1519 2838 admissam

459 2876 550 2940 esse’.
576 2912 620 2924 -
643 2876 744 2941 Deest
767 2876 800 2940 in
823 2876 931 2942 Laert.
958 2880 990 2939 et
1013 2875 1107 2956 Apul.

323 3066 325 3070 .
461 2982 568 3064 ‘Lysin
592 2982 755 3064 dialogum
779 2982 944 3050 fastidisse
968 2983 1153 3049 Socratem'.
1171 3021 1216 3032 -
1231 2984 1338 3050 Laert.
1357 2985 1409 3065 34,
1427 2985 1521 3067 Apud.

459 3109 524 3156 non
546 3090 633 3154 item.

299 3216 330 3278 p.
357 3200 387 3277 7,
412 3199 456 3261 40
481 3193 618 3283 [Olymp.
648 3197 690 3261 ib.
720 3216 751 3278 p.
782 3194 862 3284 393]
893 3197 1124 3279 ‘Pythagoreos
1159 3203 1330 3279 praeterea
1358 3197 1523 3281 Oretylum

461 3309 494 3368 et
516 3304 750 3387 Hermogenem
774 3305 921 3368 docuisse
944 3304 1002 3384 Pl,
1027 3304 1112 3369 unde
1136 3305 1177 3370 ad
1198 3305 1382 3370 sacerdotes
1397 3306 1523 3390 Aegyp-

461 3411 524 3475 tios
548 3411 770 3477 discessisset'.
795 3449 840 3459 -—
862 3411 970 3476 Laert.
996 3412 1090 3494 Apul.

303 3518 426 3601 Olymp.
452 3518 494 3584 ib.
519 3537 550 3599 p.
576 3519 656 3584 393:
676 3525 747 3596 ⁴rari
780 3519 817 3583 ἐν
853 3519 980 3608 Κυρήνῃ
1014 3519 1106 3603 παρὰ
1138 3519 1301 3606 Θεοδώρῳ
1338 3517 1524 3606 ἐπαιδεύθη

461 3628 519 3712 τήν
540 3629 746 3713 γεωμετρίαν.
770 3661 816 3674 --
838 3627 946 3691 Laert.
971 3627 1065 3710 Apul.

304 3733 427 3815 Olymp.
452 3734 494 3798 ib.
521 3731 569 3820 [et
585 3735 615 3814 3,
635 3730 667 3820 6]
693 3734 840 3799 ‘Aetnam
862 3735 1006 3800 visurum
1028 3734 1075 3799 Pl.
1100 3735 1134 3799 in
1156 3733 1298 3799 Siciliam
1320 3734 1467 3799 venisse'.
1481 3770 1526 3782 -

463 3840 571 3906 Laert.
595 3841 689 3921 Apul.

305 3947 378 4030 Ap.
397 3949 427 4028 3,
453 3948 472 4011 8
498 3966 565 4030 sqq.
594 3947 717 4014 Itinera
740 3947 805 4013 tria
821 3947 936 4030 Sicula,
962 3949 1025 4012 nisi
1048 3947 1133 4032 quod
1156 3945 1257 4014 multo
1278 3948 1374 4032 plura
1396 3947 1527 4014 exhibet

465 4054 595 4120 Laertio
620 4060 653 4120 et
675 4055 812 4138 Apuleio
835 4061 943 4122 tamen
966 4075 1028 4122 von
1052 4051 1240 4137 diversa⁷⁹).

378 4192 415 4262 ⁷⁹)
432 4193 626 4248 venditionem
645 4195 714 4250 falso
732 4195 793 4250 loco
812 4195 1023 4265 olympiodorus
1042 4195 1176 4249 narravit:
1199 4195 1246 4263 qui
1265 4209 1396 4249 error-
1415 4195 1449 4249 ab
1468 4195 1527 4264 ipso

308 4289 338 4338 ut
359 4283 467 4338 videtur
486 4283 527 4338 01.
547 4283 704 4339 commissus
718 4315 749 4323 —
764 4301 813 4338 nos
832 4301 884 4340 non
904 4283 1063 4338 morabitur.
1096 4285 1127 4337 In
1146 4281 1339 4337 commentario
1359 4283 1387 4337 in
1400 4284 1528 4354 Gorgiam
