3516 5272
429 643 594 713 Apuleius
1074 639 1234 698 Laertius

222 765 340 830 Μινύα
360 761 460 827 otiam
483 760 547 848 qui
569 760 664 847 apud
682 757 808 824 Atticos
863 765 917 824 καὶ
943 763 1065 843 γίνειαι
1094 756 1247 842 Πλάτων,
1279 757 1320 835 ὥς
1350 777 1448 847 φησιν

228 869 431 955 Thargetion
468 866 596 934 dieitur
628 871 730 934 notus
763 872 811 931 est
856 863 1155 953 Ἀπολλόδωρος
1177 865 1217 932 ἐν
1239 871 1449 951 Χρονικοῖς

222 976 276 1042 dio
308 999 375 1062 qua
402 976 496 1062 apud
521 975 649 1039 Delum
678 973 807 1038 Latona
864 970 963 1063 ὀγδόη
980 974 1034 1038 καὶ
1049 970 1238 1060 ὀγδοηκύσιη
1250 969 1447 1058 Ὀλυμπιάδι

218 1084 343 1170 fertur
370 1080 560 1169 Apollinem
590 1079 810 1167 Dianamque
864 1083 1092 1168 Θαργηλιῶνος
1126 1077 1261 1168 ἑβδόμη,
1295 1083 1373 1144 καθ’
1408 1075 1448 1164 ῆν

219 1189 390 1277 peperisse.
417 1240 468 1257 ...
863 1187 977 1274 Δήλιοι
999 1185 1059 1255 σύν
1076 1183 1271 1255 Ἀπόλλωνα
1288 1191 1447 1269 γενέσθαι

863 1300 980 1380 φασίν·

221 1399 399 1468 Smnmum
440 1400 539 1466 etiam
577 1399 710 1468 Socrati
745 1399 807 1466 soi·
861 1402 910 1468 III
935 1402 953 1466 5
983 1402 1110 1480 λέγεται
1139 1402 1172 1466 δ’
1199 1398 1248 1467 ὅτι
1278 1399 1448 1488 Σωκράτης

221 1513 294 1572 tum
307 1507 446 1592 ferunt.
486 1507 578 1572 Nam
600 1505 722 1572 ordisse
743 1506 810 1571 sibi
862 1509 945 1597 ὄναρ
968 1508 1033 1574 otto
1049 1504 1164 1574 κύκνου
1180 1505 1311 1574 νεοττὸν
1326 1507 1363 1574 ἐν
1382 1517 1447 1582 τοῖς

223 1615 267 1700 [p.
294 1615 349 1699 64]
372 1612 467 1678 uisus
489 1618 538 1678 est
557 1612 661 1700 cygni
668 1614 806 1700 pullum
861 1614 998 1697 γόνασιν
1013 1613 1103 1696 ἔχων,
1123 1611 1163 1682 ὃν
1178 1615 1233 1679 καὶ
1248 1611 1448 1702 παραχρῆμα

221 1742 265 1785 τοι
296 1719 405 1785 τάλαντ’
434 1720 524 1806 quod
555 1718 594 1785 in
627 1718 807 1785 Academia
861 1719 1131 1807 πτεροφυήσαντα
1163 1719 1353 1808 ἀναπτῆναι
1386 1717 1447 1807 ῆύύ

224 1824 390 1912 Cupidini
419 1831 642 1891 consecratum
675 1832 724 1892 est
754 1846 808 1892 uo·
862 1829 1049 1908 κλάγξαντα
1093 1829 1149 1893 καλ
1195 1830 1279 1913 μεθ’
1324 1825 1448 1913 ἡμέραν

222 1933 306 1998 lasse
338 1937 370 1997 et
395 1931 433 1997 in
461 1931 535 1997 eius
564 1931 698 2018 gremio
725 1955 807 1998 rese·
864 1935 1026 2000 Πλάτωνα
1060 1931 1148 2023 αὐτῷ
1185 1938 1354 2020 σαπῆναι·
1388 1932 1449 2000 τὸν

221 2037 307 2104 disse
344 2044 376 2104 et
406 2043 519 2124 postea
553 2039 674 2105 olorem
707 2039 807 2106 illum
861 2041 897 2106 δὲ
916 2041 1029 2108 τούτου
1045 2044 1150 2108 εἰπεῖν
1165 2044 1250 2109 εἶναι
1265 2041 1323 2109 τὸν
1343 2043 1447 2128 ὄρνιν·

215 2143 340 2232 pennis
376 2144 500 2210 coelum
532 2144 653 2232 petisse
689 2168 808 2212 canore

221 2249 347 2316 musico
376 2251 516 2317 auditus
537 2253 713 2319 hominnm
733 2255 807 2319 deo-

220 2377 364 2442 rumque
392 2359 595 2424 mulcentem.
643 2362 726 2426 Cum
749 2361 808 2427 Ιιοτ

221 2461 369 2530 Socrates
387 2463 426 2529 in
448 2470 608 2530 conuentu
630 2465 806 2532 homonum

221 2569 372 2654 referret,
397 2570 514 2636 Aristo
534 2573 707 2638 Platonem
723 2580 806 2660 pue-

221 2697 301 2740 rum
332 2677 504 2742 oblaturus
534 2677 668 2746 Socrati
698 2679 807 2767 mogi·

220 2786 288 2846 stro
336 2784 499 2848 commodo
538 2787 806 2871 prosequebatur.

224 2889 329 2973 Quem
359 2888 420 2953 nbi
442 2889 597 2976 adspexit
628 2890 685 2956 ille
712 2890 807 2978 enge·

221 2992 383 3080 m'nmque
405 2993 565 3060 intimum
588 2998 628 3061 de
643 2997 807 3064 exteriore

220 3099 413 3186 auspicatus
455 3101 550 3185 [corr.
587 3102 623 3168 0.
659 3104 804 3170 Jahnius.

223 3207 446 3289 ‘conspicatus’
487 3209 592 3294 codd]
631 3214 680 3275 est
709 3209 808 3292 socie

223 3312 286 3377 ‘ler'c
313 3311 371 3378 ille
398 3319 485 3389 erat,
519 3313 644 3389 amici,
681 3314 804 3404 inquit,

223 3420 272 3484 ‘de
281 3418 462 3486 Academia
470 3419 806 3508 Cnpodrm‘scygnus’.

221 3525 261 3592 11.
300 3527 360 3591 Ex
420 3525 537 3593 iisdem
595 3526 808 3614 genitoribus
861 3524 917 3608 §4
940 3523 1011 3606 ἔσχε
1034 3524 1068 3589 δ’
1090 3522 1254 3610 ἀδελφούς
1273 3517 1446 3606 'Addum-

223 3633 375 3699 Gloucus
396 3639 428 3698 et
450 3632 659 3700 Adimantus
679 3633 806 3720 eifro-
860 3653 918 3698 του
941 3631 995 3695 καλ
1020 3627 1194 3696 Γλαύκωνα
1217 3628 1271 3694 καλ
1299 3628 1446 3716 ἀδελφὴν

220 3744 287 3804 tres
306 3739 472 3824 fuerunt,
511 3742 654 3806 doctores
690 3740 809 3807 habuit
863 3734 1025 3826 Ποτύνην,
1048 3737 1084 3816 ἐξ
1105 3732 1142 3824 ῆς
1163 3734 1205 3824 ῆν
1224 3736 1444 3812 Σπεύσιππος·

221 3845 260 3912 in
292 3845 410 3933 prim
446 3845 638 3914 litteratura
675 3848 806 3936 Diony·
860 3843 915 3909 καὶ
952 3843 1134 3930 ἐπαιδεύθη
1171 3847 1232 3929 μὲν
1269 3842 1470 3930 γράμμαται

220 3951 311 4018 unm
340 3959 379 4018 at
410 3952 450 4018 in
477 3955 648 4040 palaestra
675 3954 806 4021 Aristo-
859 3948 952 4038 παρά
978 3954 1156 4039 Διονυσίῳ,
1186 3945 1226 4016 ού
1249 3950 1304 4016 καλ
1325 3974 1445 4036 μνημο-

220 4079 296 4123 nem
322 4058 433 4145 Argis
459 4059 655 4136 oriundum,
685 4068 806 4128 tantos·
859 4057 944 4127 νυύτι
974 4058 1015 4125 ἐν
1037 4067 1121 4134 τοῖς
1145 4054 1443 4143 Ἀντερασταῖς·

221 4185 284 4250 qne
316 4172 519 4252 progressus
545 4167 736 4234 exercitatio
774 4167 809 4234 ei
859 4166 1062 4252 ἐγυμνάσατο
1097 4163 1134 4228 δὲ
1167 4165 1244 4251 παρ’
1277 4159 1445 4252 Ἀρίστωνι

220 4271 370 4345 contulit,
400 4278 442 4338 nt
460 4273 585 4360 Pythia
614 4279 646 4340 et
665 4273 806 4340 Isthmio
859 4279 904 4361 τῷ
919 4269 1051 4360 Ἀργολῳ
1074 4271 1306 4362 παλαιστῆκ..
1332 4271 1392 4336 οἰσὶ
1414 4272 1444 4336 δ’

220 4377 261 4441 de
287 4377 374 4443 lucta
412 4378 595 4446 certauerit.
647 4379 807 4446 Picturoe
861 4385 896 4447 ot
921 4383 976 4443 καὶ
1009 4378 1174 4444 παλαῖσαί
1208 4393 1311 4465 φασιν
1345 4372 1445 4448 αύτύν
