3506 5272
281 483 343 546 100

304 655 432 710 Laertius
451 654 526 718 VIII,
548 657 570 710 1.
609 663 612 744 Ι
664 656 788 710 Clemens
808 657 911 734 Strom.¹
955 666 959 748 Ι
1129 655 1315 728 'Porphyrius

624 779 712 852 σίοος
772 775 945 842 ἀνδαπτο-

624 885 743 964 μένους
771 890 826 970 τῆς
855 884 945 969 φιλο-

624 994 743 1074 σοφίας
782 987 868 1054 ἀλλά
910 988 945 1053 τδ

624 1099 686 1177 μὲν
730 1094 863 1181 φάσθαι
906 1095 942 1161 τδ

624 1199 660 1265 δὲ
729 1207 944 1296 κεκρυμμένον

624 1311 710 1373 εἶναι
748 1307 831 1392 πρδς
869 1309 944 1385 τούς

624 1415 765 1490 πολλούς
787 1414 941 1506 ᾐνίσσετο.

276 1507 394 1588 §4sq.
420 1505 454 1570 P.
485 1528 595 1587 μετεμ-
971 1507 1022 1571 45.
1040 1508 1075 1572 Ρ.
1101 1503 1357 1594 μετεμψοχιύσεις

275 1612 445 1700 φοχιίσεις.
1064 1615 1303 1679 accuratissime
1326 1615 1500 1696 expositae.

332 1718 595 1803 [Heraclides

365 1825 594 1910 Ponticus]

276 1950 390 2015 Omnia
413 1950 493 2015 haec
517 1969 556 2014 ex
579 1949 692 2015 eodem
714 1950 892 2033 biographo
917 1956 1068 2033 excerpta
1091 1957 1174 2017 sunt.
1224 1953 1284 2031 Qui
1313 1952 1415 2018 tribus
1438 1954 1502 2018 illis

275 2053 405 2117 Laertio
422 2052 601 2134 Porphyrio
619 2051 777 2117 Clementi
800 2057 930 2134 praesto
954 2051 1052 2117 fuerit
1075 2073 1173 2118 unum
1188 2059 1257 2120 toto
1275 2055 1503 2137 disputationis

275 2154 412 2220 decursu
442 2155 587 2219 adsecuti
620 2174 728 2220 sumus
757 2155 958 2222 Favorinum.
1011 2156 1187 2221 Probatum
1214 2157 1314 2238 igitur
1343 2163 1393 2222 est
1419 2159 1503 2223 hunc

276 2276 316 2321 ex
345 2257 473 2340 placitis
504 2257 647 2322 delibata
675 2258 750 2322 vitis
774 2259 991 2324 admiscuisse.
1016 2290 1061 2304 ’-
1083 2260 1151 2323 Iam
1179 2279 1282 2342 pauca
1310 2279 1349 2324 ex
1372 2261 1517 2326 Laertio-

280 2364 313 2423 et
335 2358 514 2442 Porphyrio
538 2360 614 2424 licet
638 2360 803 2442 supplere:

482 2464 676 2525 Laertius..
889 2469 892 2550 Ι
1094 2466 1317 2539 Porphyrius.
1342 2551 1501 2559 m

277 2575 359 2656 §19
401 2571 558 2639 οὐδέποτε
598 2575 749 2661 ε’γνάσδη
789 2577 863 2641 οὔτε
889 2564 892 2652 1
918 2578 991 2659 §35
1009 2596 1055 2659 sq.
1074 2578 1221 2662 οὔτεγὰρ
1237 2574 1294 2662 ἀφ’
1309 2575 1427 2663 ἡδονῆς
1442 2577 1503 2639 διε-

277 2679 446 2767 διαχωρῶν
496 2681 570 2746 οὔτε
621 2679 865 2768 ἀφροδισιάζων
917 2692 1001 2764 χείτο
1024 2683 1137 2747 πλεῖον
1153 2680 1229 2746 οὐδ’
1247 2683 1301 2747 ὑπ’
1318 2681 1414 2759 ἀνίας
1431 2701 1503 2747 σνν-

278 2789 352 2854 οὔτε
389 2791 581 2873 μεθυσθείς·
622 2785 772 2871 ἀπείχετο
810 2789 864 2852 καὶ
918 2790 1079 2853 εστέλλετο
1103 2787 1168 2852 οὔτ’
1195 2791 1346 2875 ἐπίδηλος
1361 2785 1401 2875 ἦν
1416 2789 1503 2875 χαρᾷ
1563 2855 1567 2862 ⁴

279 2897 415 2975 γέλωτος
454 2895 509 2958 καὶ
546 2895 650 2978 πάσης
688 2893 863 2981 ἀρεσκείας,
918 2893 938 2981 ἢ
967 2893 1051 2985 λύπη
1078 2894 1224 2978 κάτοχος,
1255 2896 1326 2962 ἀλλ’
1354 2893 1432 2962 odda
1453 2921 1503 2980 γε-

237 3036 241 3044 ·
279 3001 348 3068 οίον
368 3001 572 3086 σκωμμάτων
586 3000 642 3066 καὶ
659 3000 865 3089 διηγημάτων
919 3001 1064 3068 λάσαντα
1093 3005 1113 3088 ἢ
1140 3003 1325 3070 κλαύσαντά
1354 3009 1402 3079 τίς
1432 3005 1504 3069 ποτ’

278 3109 437 3196 φορτικῶν
461 3160 511 3174 ...
918 3109 1040 3176 ἐκεῖνον
1063 3109 1242 3177 ἐθεάσατο·

919 3215 1014 3284 θύων
1048 3243 1081 3282 τε
1112 3222 1205 3294 θεοῖς
1237 3213 1433 3304 ἀνεπαχθὴς
1464 3209 1505 3302 ἦν

278 3324 415 3397 θυσίαις
436 3322 547 3409 ἐχρῆτο
571 3319 721 3410 ἀψύχοις,
920 3320 1071 3410 ἀλφίτοις
1104 3348 1137 3387 τε
1174 3327 1231 3388 καί
1269 3325 1411 3412 ποπάνφ
1449 3327 1503 3388 καὶ

919 3430 1086 3518 λιβανωτῷ
1095 3433 1150 3496 καὶ
1166 3431 1300 3519 μοῤῥίνη
1314 3433 1388 3506 τούς
1405 3429 1504 3505 θεούς

281 3533 311 3599 οἳ
326 3535 363 3599 δέ
378 3548 489 3620 φασιν,
514 3532 562 3600 ὅτι
577 3534 744 3621 ἀλέκτορσι
759 3534 865 3618 μόνον
919 3535 1175 3621 ἐξιλασκόμενος,
1244 3533 1399 3625 ἐμψύχοις
1467 3541 1505 3602 θ’

279 3643 333 3705 καὶ
356 3641 481 3727 ἐρίφοις
503 3643 707 3728 γαλαθηνοῖς
729 3654 793 3718 τοῖς
816 3643 865 3708 λε·
919 3641 1040 3730 ἥκιστα,
1063 3644 1150 3730 πλην
1172 3647 1202 3708 εί
1223 3644 1266 3730 μή
1281 3668 1360 3708 ποτε
1377 3643 1504 3709 ἀλεκτο-

278 3753 428 3830 γομένοις
466 3747 644 3832 ἁπαλίαις,
683 3747 795 3835 ἥκιστα
833 3750 862 3813 δ’
921 3754 984 3836 ρίσι
999 3749 1055 3814 καὶ
1073 3754 1137 3815 τῶν
1158 3757 1276 3837 χοίρων
1291 3761 1356 3826 τοῖς
1372 3750 1504 3815 ἁπαλω-

280 3857 437 3943 ἀρνασιν’
920 3856 1041 3932 τάτοις·

280 3965 354 4046 §21
382 3963 685 4050 [Aristoxenus]
701 3964 798 4050 φησὶν
813 3963 867 4028 καὶ
920 3967 994 4048 §41
1026 3964 1081 4029 καὶ
1110 3966 1184 4029 ἀλλ’
1212 3966 1292 4028 ἀτια
1324 3963 1504 4046 ἐπαίδευεν,

279 4068 318 4132 τά
344 4070 490 4153 δόγματα
513 4073 628 4156 λαβεῖν
651 4068 751 4138 αύτὸν
773 4069 865 4157 παρά
920 4070 981 4136 ὅσα
1005 4076 1095 4157 παρὰ
1120 4071 1368 4155 Θεμιστοκλείας
1392 4078 1445 4156 τῆς
1469 4072 1505 4136 ἕν

280 4179 334 4261 τῆς
357 4178 393 4242 ἐν
418 4178 560 4260 Δελφοῖς
584 4179 846 4263 Θεμιστοκλείας·
923 4179 1065 4258 Δελφοῖς
1089 4178 1196 4260 ἔλεγεν
1218 4176 1466 4264 ἀκηκοέναιῙ””)·

302 4487 305 4494 1
354 4425 404 4498 ¹⁰⁹)
423 4427 464 4479 De
484 4426 595 4494 copiosa
611 4426 773 4496 placitorum
792 4425 1037 4495 Pythagoricorum
1056 4425 1159 4496 sylloge
1178 4425 1282 4479 Laertii
1302 4441 1398 4480 vereor
1417 4441 1505 4480 meum
