3506 5272
1387 459 1449 522 153

229 633 316 699 tradi
339 638 372 698 et
395 651 454 715 per
483 649 618 713 corpora
640 631 866 714 biographus,
903 631 1021 696 sensim
1044 631 1077 697 in
1103 633 1279 702 lonicorum
1301 636 1451 702 macilen-

230 741 309 805 tiam
333 743 507 819 contracta,
533 743 567 803 et
588 757 648 820 per
669 739 763 820 nitas,
788 737 899 821 quales
923 742 956 804 et
973 738 1013 802 in'
1033 740 1304 820 praelectionibus
1328 742 1451 809 schola-

230 847 320 913 sticis
350 845 612 928 interpretationi
640 845 833 926 scriptomm
863 844 1154 926 praemittebantur
1182 854 1215 914 et
1245 850 1278 914 in
1309 849 1451 916 codicum

230 953 389 1037 capitibus
412 951 703 1034 perscribebantm·‚
726 953 761 1018 id
783 969 985 1034 nequaquam
1013 970 1086 1018 sera
1109 959 1234 1020 tantum
1262 956 1320 1021 illa
1343 961 1451 1023 aetate

230 1060 357 1140 accidit,
382 1058 477 1125 immo
501 1058 575 1124 inde
600 1058 640 1124 ab
663 1057 952 1123 Alexandrinorum
976 1058 1169 1125 editionibus
1192 1062 1240 1127 ita
1261 1061 1332 1127 luit
1374 1081 1451 1145 ergo

230 1165 364 1230 Albinus
400 1169 433 1228 et
462 1164 638 1247 Appuleius
674 1169 707 1229 et
735 1163 897 1246 Diogenes
930 1165 1026 1246 plane
1048 1165 1194 1231 'eandem
1217 1167 1316 1233 vitam
1344 1168 1452 1250 legere

230 1274 391 1354 poterant,
415 1288 497 1335 unus
525 1271 558 1335 in
587 1270 722 1337 Platone
752 1289 824 1352 suo,
854 1270 937 1335 alter
964 1271 997 1334 in
1025 1273 1251 1339 commentario
1275 1275 1451 1356 Platonico,

231 1379 347 1444 tertius
371 1378 404 1442 in
429 1394 562 1458 corpore
585 1377 803 1460 biographico.
839 1376 940 1442 veluti
957 1375 1212 1461 olympiodorus
1237 1381 1299 1446 nisi
1324 1382 1455 1464 egregie

231 1484 341 1566 fallor,
365 1502 430 1549 non
453 1483 522 1565 ipse
555 1484 636 1549 adiit
657 1483 884 1566 Porphyrium,
921 1484 979 1549 sed
1007 1503 1089 1567 quae
1119 1486 1295 1568 discipulus
1322 1489 1356 1553 in
1380 1489 1453 1554 Am-

202 1648 207 1658 .
231 1591 331 1658 monii
354 1590 464 1655 schola
486 1589 606 1655 litteris
630 1595 800 1672 exceperat
830 1608 901 1655 cunr
929 1595 1119 1672 praeceptor
1144 1598 1255 1660 contra
1278 1594 1453 1660 Aristidem

233 1697 456 1777 baccharetur,
479 1701 651 1778 postquam
673 1696 823 1762 thronum
846 1697 1006 1763 Ammonii
1028 1699 1231 1779 conscendit,
1246 1717 1358 1765 secure
1379 1720 1453 1782 pro·

231 1806 371 1888 pagavit
407 1821 466 1869 nos
490 1809 598 1868 autem
620 1822 684 1869 non
706 1821 861 1887 personas
885 1805 1068 1886 quaerimus
1092 1805 1149 1870 sed
1172 1825 1254 1886 rem;
1280 1809 1453 1873 contemni-

231 1931 301 1977 mus
330 1929 422 1978 serva
450 1916 672 1992 excerptorum
699 1930 830 1994 pecora,
861 1916 1020 1976 vetustam
1049 1912 1202 1976 rimamur
1231 1914 1451 1979 eruditionem.

232 2019 341 2101 itaque
365 2037 428 2084 non
451 2018 587 2084 multum
609 2018 747 2083 interest
776 2017 903 2083 etiamsi
931 2018 1060 2082 nomina
1088 2017 1285 2099 ignoremus:
1317 2024 1351 2084 at
1380 2038 1453 2085 con-

233 2126 433 2191 suetudinem
446 2125 619 2190 eorundem
631 2124 717 2190 haud
728 2124 853 2189 nescire
864 2124 1009 2189 interest.
1043 2125 1454 2206 nonpaeuitetmeeorum

232 2233 376 2316 quaein
404 2232 524 2296 Herma
547 2231 609 2296 XII
633 2232 694 2296 341
721 2230 795 2295 dixi.
843 2249 903 2313 pro
935 2230 1102 2311 explorato
1131 2230 1234 2297 habeo
1262 2232 1454 2298 Pausaniam

233 2339 402 2404 Aelianum
430 2339 663 2404 Philostratum
692 2338 824 2405 Pindari
852 2336 1002 2420 Aeschyli
1031 2342 1195 2404 oratorum
1229 2339 1305 2406 vitis
1334 2340 1455 2405 eisdem

233 2453 309 2512 usos
344 2465 414 2512 esse
444 2464 526 2528 quae
555 2446 737 2511 etiamnunc
764 2446 798 2510 in
827 2449 995 2526 poetarum
1030 2448 1257 2527 oratorumque
1294 2445 1454 2512 codicibus

233 2553 402 2635 leguntur,
433 2553 489 2618 sed
518 2570 582 2618 non
611 2553 736 2634 quales
751 2570 834 2617 nunc
861 2552 1012 2633 leguntur
1041 2551 1099 2616 sed
1127 2550 1238 2632 quales
1269 2556 1346 2616 tunc
1368 2552 1455 2634 lege·

234 2660 361 2725 bantur.
426 2659 607 2724 etiamnunc
640 2664 750 2737 teneo,
793 2655 999 2722 Plutarchum
1033 2658 1067 2720 in
1103 2655 1233 2721 (limone
1263 2656 1455 2740 Thucydidis

235 2767 303 2832 vita
330 2783 424 2830 usum
452 2782 536 2830 esse:
574 2782 610 2829 ac
637 2764 710 2829 vide
743 2781 894 2845 quorsum
925 2762 1075 2844 delapsus
1111 2761 1153 2826 sit
1178 2762 1354 2828 Schoellius
1378 2763 1456 2846 (Ru-

236 2871 357 2939 dolium
387 2872 473 2951 dico,
504 2889 578 2936 nam
609 2870 650 2936 ad
673 2870 830 2935 Triderioi
856 2868 995 2950 puerilia
1024 2887 1089 2934 non
1117 2868 1304 2951 descendo):
1335 2871 1457 2936 mavult

236 2977 444 3045 Plutarchum
460 2976 501 3042 ad
517 2977 779 3043 commentarium
795 2975 1000 3041 Pindaricum
1015 2993 1175 3055 reuocare,
1192 2973 1270 3040 facit
1285 2974 1456 3058 Didymum

236 3092 304 3153 tam
328 3085 461 3152 stultum
492 3089 529 3149 ut
556 3083 596 3149 de
620 3083 813 3166 Thucydidis
844 3082 991 3164 sepulcro
1021 3082 1062 3146 ad
1089 3082 1222 3146 Pindari
1246 3081 1456 3149 Nemeonicos

238 3198 324 3276 agat,
350 3212 420 3259 cum
443 3190 651 3257 Plutarchum
674 3191 707 3256 in
736 3189 954 3273 componenda
979 3188 1118 3254 Cimonis
1146 3189 1214 3253 vita
1241 3187 1457 3271 Thucydidem

237 3320 329 3368 suum
363 3299 540 3382 inspexisse
574 3316 638 3364 non
666 3298 744 3364 vult.
797 3296 921 3362 scilicet
949 3296 1089 3361 inaniter
1112 3295 1152 3360 de
1181 3297 1310 3362 nomine
1343 3301 1456 3378 certat,
1522 3325 1525 3344 ·

238 3427 309 3474 cum
336 3391 511 3490 Didymum
542 3405 715 3471 demedio
750 3404 865 3470 tollere
892 3408 980 3484 avet,
1015 3403 1125 3485 itaque
1154 3421 1222 3467 rem
1258 3421 1276 3467 e
1310 3402 1457 3469 manibus

238 3514 322 3582 elabi
344 3514 478 3596 patitur.
512 3530 587 3577 nem
609 3510 660 3578 iac
682 3511 837 3594 Didymus
860 3529 924 3575 non
947 3509 1130 3592 scripsisset
1152 3510 1252 3576 vitam
1265 3509 1458 3593 Thucydidis

237 3623 421 3708 (scripsisse
443 3642 507 3688 non
531 3625 653 3687 certum
677 3618 734 3686 sed
756 3616 849 3685 valde
871 3615 1039 3698 probabile
1063 3615 1137 3702 est),
1161 3635 1220 3697 pro
1246 3635 1283 3682 eo
1306 3617 1334 3681 is
1359 3617 1460 3699 scrip-

237 3737 300 3812 tor,
318 3747 493 3812 anonymus
509 3727 657 3807 fortasse,
676 3724 841 3808 ponendus
857 3727 908 3788 est
924 3723 978 3805 qui
993 3722 1093 3788 vitam
1109 3722 1302 3806 Thucydidis
1318 3722 1457 3804 scripsit,

239 3856 303 3921 qua
326 3855 402 3904 usus
426 3841 476 3903 est
498 3842 532 3901 et
547 3832 739 3900 Plutarchus
763 3836 806 3911 et,
829 3834 1000 3914 postquam
1025 3836 1058 3896 et
1081 3830 1192 3896 exilior
1216 3835 1249 3895 et
1276 3830 1459 3896 mendosior

239 3942 325 4010 facta
341 3947 399 4024 est,
424 3942 546 4025 Antylli
562 3940 813 4022 Marcellinique.
851 3957 869 4002 c
892 3937 1027 4004 circuitu
1050 3937 1092 4003 ad
1115 3942 1148 4002 te
1171 3936 1262 4002 redii.
1303 3954 1390 4019 sane,
1414 3939 1458 4002 mi

240 4050 371 4131 Maassi,
394 4050 540 4116 umbram
568 4050 756 4130 persecutus
785 4063 820 4110 es
850 4063 920 4110 cum
944 4044 1160 4127 Thucydidem
1183 4044 1319 4108 Aratum
1341 4043 1459 4108 Home·

240 4152 347 4238 rum⁸)
377 4155 419 4221 ad
445 4157 637 4222 Favorinum
665 4151 837 4219 revocasti:
868 4152 924 4216 sed
952 4151 985 4216 id
1008 4155 1097 4228 recto
1121 4155 1155 4215 et
1182 4149 1319 4232 simplici
1341 4149 1458 4216 iudicio

312 4295 335 4362 3)
357 4295 398 4350 De
415 4295 525 4366 Sibyllis
543 4312 597 4351 non
619 4294 723 4350 reticeo
744 4292 811 4347 mihi
829 4306 892 4346 eum
909 4296 1024 4361 propter
1043 4289 1142 4346 Suidae
1161 4289 1383 4358 compositionem
1401 4295 1459 4344 tum

241 4389 388 4456 propterea
407 4383 479 4455 quod
491 4383 593 4441 Rufum
604 4383 638 4440 de
653 4381 763 4452 Sibyllis
779 4386 907 4440 accurate
919 4380 1006 4451 egisse
1019 4383 1127 4436 constat
1139 4394 1154 4434 e
1167 4377 1260 4434 Photii
1273 4376 1388 4448 Sopatro
1401 4376 1460 4434 neri
