3506 5272
324 412 388 476 144

321 589 378 655 illo
405 589 488 655 libro
515 589 707 655 Favorinum
741 583 845 672 egisse
878 594 1027 656 statuam.
1080 591 1240 673 equibus
1267 597 1393 658 restant
1422 593 1540 658 Anaxi-

321 696 446 762 mandri
480 715 618 778 gnomon
655 695 832 779 Spartanus
861 697 906 779 (ΙΙ
934 698 968 783 2)
1004 701 1037 762 et
1065 697 1274 780 Anaxagorae
1300 699 1540 781 Metrodoriquc

322 804 429 870 studia
466 804 638 870 Homerica
673 804 718 886 (II
741 805 813 885 26),
854 803 1040 887 quibuscum
1079 804 1173 870 facile
1214 807 1416 889 coniungitur
1456 806 1541 890 quod

321 912 368 976 IX
391 913 434 976 34
458 917 522 992 est,
551 911 650 976 1124
677 910 891 993 significatur,
924 912 1142 978 Democritum
1172 919 1307 996 propter
1334 916 1539 996 simultatem,

323 1035 418 1100 quam
448 1036 519 1083 cum
542 1019 734 1100 Anaxagora
769 1023 949 1100 exerceret,
984 1038 1120 1102 negasse
1149 1039 1204 1086 eas
1231 1021 1271 1086 de
1302 1022 1368 1087 sole
1402 1025 1435 1087 et
1464 1021 1541 1087 luna

323 1124 510 1204 sententias,
535 1141 617 1206 quae
640 1125 736 1206 vulgo
760 1129 924 1207 tamquam
939 1125 1034 1191 huius
1057 1128 1187 1192 inventa
1202 1125 1372 1209 ferrentur,
1397 1128 1437 1194 ab
1457 1129 1541 1192 Ana·

324 1250 445 1313 xagora
479 1231 583 1314 primo
618 1231 762 1314 prolatas
797 1251 878 1298 esse.
926 1233 983 1298 sed
1011 1234 1039 1298 si
1073 1235 1269 1316 pertinacius
1309 1235 1449 1316 resistis
1478 1253 1541 1300 non

324 1339 489 1405 intercedo
524 1339 691 1421 quominus
724 1339 808 1405 inter
830 1339 1053 1405 miscellaneae
1087 1341 1273 1407 historiolae
1300 1342 1382 1407 hanc
1408 1339 1540 1406 referas.

324 1463 399 1511 nam
422 1446 502 1512 talia
525 1452 599 1512 sunt
622 1465 828 1529 quaecunque
851 1450 990 1527 restant3
1022 1446 1106 1513 unde
1129 1449 1212 1514 uitas
1235 1448 1500 1531 philosophorum
1523 1466 1542 1511 a

203 1565 204 1569 ’
324 1553 482 1618 Fauorino
507 1558 673 1618 enarratas
689 1571 761 1618 esse
776 1570 978 1636 nequaquam
998 1555 1212 1637 consequitur.
1253 1555 1467 1639 Metapontini
1482 1554 1542 1637 Py-

325 1660 481 1742 thagorae
498 1661 625 1726 domum
643 1661 768 1726 Cereris
784 1659 901 1742 fanum,
919 1661 1086 1745 vicumque
1102 1663 1135 1727 in
1152 1683 1213 1746 qno
1231 1665 1295 1729 sita
1311 1668 1381 1728 erat
1397 1663 1542 1727 Museum

325 1773 441 1834 vocant
452 1766 542 1844 (VIII
552 1767 621 1851 15);
634 1768 788 1851 Diogenis
801 1769 985 1850 tragoedias
993 1768 1165 1852 Pasiphon,
1180 1771 1390 1853 philosophus
1400 1768 1542 1834 Eretria·

327 1893 391 1956 cus,
416 1875 519 1960 (cuins
535 1877 643 1958 patria
659 1876 718 1942 sub
735 1879 878 1942 monstro
895 1881 1081 1942 Λουκιανοῦ
1096 1878 1191 1962 latet)
1208 1878 1376 1960 conposuit
1399 1876 1458 1960 (Vl
1470 1874 1541 1958 73);

325 1982 418 2048 Plato
442 1982 475 2047 in
499 1983 664 2066 republica
679 1983 855 2062 ‚scribenda
877 1983 1076 2065 Protagorae
1099 1984 1198 2051 libros
1223 1984 1374 2067 compilat
1397 1983 1458 2066 (ΙΠ
1476 1981 1542 2065 57),

326 2089 412 2172 quod
433 2089 467 2154 in
491 2091 628 2158 secundo
653 2091 735 2156 libro
756 2091 874 2156 lectum
896 2109 966 2156 esse
982 2091 1135 2173 traditum
1160 2109 1310 2157 numerus
1331 2111 1386 2157 cur
1401 2094 1544 2155 mutetur

328 2214 424 2262 causa
445 2196 549 2277 nulla,
573 2198 667 2263 modo
691 2197 805 2264 similis
827 2197 925 2264 fuerit
948 2197 1125 2280 Omnigena
1147 2198 1297 2284 Fauorini
1323 2196 1460 2262 historia
1481 2196 1544 2262 Va·

326 2303 395 2367 riae
423 2302 550 2368 Aeliani
585 2309 642 2369 aut
676 2303 939 2370 Memorabilibus
973 2305 1134 2372 Fauorini.
1184 2305 1278 2371 Plato
1312 2305 1345 2370 in
1379 2302 1544 2369 Phidiadis

329 2412 504 2494 Aeginetae
537 2411 670 2477 aedibus
697 2413 841 2477 nascitur
868 2412 930 2498 (III
953 2413 1001 2496 3);
1037 2413 1232 2494 Protagoras
1262 2411 1353 2477 audit
1380 2410 1545 2493 Sapientia

327 2520 387 2603 (IX
404 2519 470 2604 50).
510 2519 572 2585 duo
596 2519 676 2584 scite
699 2519 786 2584 dicta
809 2525 893 2601 sunt,
919 2519 1093 2586 Carneadis
1109 2520 1255 2600 altem
1280 2537 1350 2584 cum
1366 2519 1545 2583 Mentorem

328 2626 438 2692 schola
461 2627 537 2693 eicit
559 2626 618 2711 (IV
635 2627 701 2708 63),
727 2627 864 2692 alterum
880 2627 1037 2711 Aristippi
1061 2628 1120 2712 (Vl
1135 2627 1202 2711 25),
1220 2627 1305 2709 quod
1324 2627 1372 2692 ita
1387 2626 1546 2691 adnexum

329 2738 379 2800 est
402 2735 562 2817 excerptis
586 2733 724 2816 sylloges
746 2733 910 2800 cuiusdam
931 2735 1248 2818 apophthegmatum,
1271 2739 1308 2799 ut
1330 2732 1424 2798 facile
1448 2732 1545 2814 adpa-

328 2847 400 2907 reat
435 2846 468 2906 et
494 2841 687 2908 Favorinum
721 2841 763 2906 ad
796 2860 924 2907 manum
958 2841 1056 2907 fuisse
1087 2841 1226 2923 Diogeni
1260 2844 1294 2906 et
1328 2845 1436 2905 cetera
1469 2857 1545 2920 apo-

328 2949 539 3032 phthegmata
561 2969 624 3016 non
648 2954 777 3032 sumpta
799 2968 870 3016 esse
887 2969 926 3015 ex
941 2967 988 3016 eo.
1010 2946 1160 3014 'tertium
1181 2947 1427 3030 apophthegma,
1451 2964 1545 3028 paro-

329 3057 383 3123 dia
416 3075 528 3124 rursus
555 3057 741 3138 Homerica,
778 3058 980 3123 coniunctum
1013 3061 1064 3122 est
1098 3075 1168 3121 oum
1202 3055 1331 3121 invento
1360 3053 1545 3120 Aristotelis

329 3181 428 3245 supra
442 3163 507 3229 iam
527 3163 647 3229 adlato.
681 3164 815 3229 Bionem
831 3169 998 3246 aegrotum
1020 3163 1054 3229 in
1076 3163 1191 3230 lectica
1206 3163 1352 3246 sequitur
1367 3161 1546 3244 Antigonus

329 3270 388 3354 (IV
400 3271 465 3356 54),
491 3289 562 3337 cum
585 3289 647 3352 quo
672 3272 925 3354 coniungendum
948 3271 1033 3354 quod
1056 3271 1095 3336 de
1115 3269 1329 3353 Theophrasti
1350 3268 1466 3334 lectica
1481 3273 1546 3333 tra·

329 3377 416 3442 ditur
440 3376 482 3461 (V
505 3378 572 3461 46),
608 3377 662 3443 ubi
695 3377 778 3444 liber
811 3379 961 3445 Favorini
998 3397 1062 3443 non
1096 3378 1256 3443 indicatus
1291 3381 1350 3442 est.
1409 3376 1546 3458 denique

329 3503 427 3549 unum
442 3485 534 3566 quasi
551 3488 648 3568 caput
663 3483 806 3551 efficiunt
821 3504 861 3550 ea
875 3504 957 3568 qnae
974 3486 1014 3550 de
1030 3483 1269 3551 accusatoribus
1283 3482 1547 3566 philosophorum

330 3598 414 3673 sunt,
443 3592 616 3676 Polyenoto
645 3593 787 3659 Socratis
822 3593 946 3676 (1178)
975 3591 1193 3658 charmandro
1221 3591 1365 3656 Platonis
1394 3589 1456 3674 (ΠΙ
1481 3590 1545 3674 19),

329 3699 520 3783 Demophilo
548 3700 734 3766 Aristotelis
758 3701 801 3784 (V
825 3701 858 3782 5)
886 3700 1051 3767 Demetrio
1077 3699 1259 3766 Poliorceta
1280 3699 1437 3764 Demetrii
1464 3698 1546 3763 Pha·

329 3808 410 3874 lerei
433 3808 477 3890 (V
500 3809 566 3889 77).
619 3808 765 3875 adscribo
790 3808 829 3875 de
852 3808 988 3874 Platone
1010 3808 1109 3875 uerba
1135 3807 1220 3889 ipsa,
1250 3808 1288 3871 ut
1315 3805 1485 3888 intellegas
1512 3809 1547 3870 te
1582 3893 1584 3898 A

330 3915 478 4000 (ducibus
491 3916 622 3998 quidem
639 3915 724 4001 aliis)
747 3917 907 3982 incautius
930 3916 1034 3997 egisse
1059 3935 1129 3982 cum
1152 3913 1253 3979 multa
1275 3919 1372 3997 atque
1396 3914 1476 3980 adeo
1499 3914 1547 3980 in·

330 4029 456 4106 tegram
489 4023 641 4089 itinerum
667 4024 905 4091 Platonicorum
938 4023 1157 4091 narrationem
1184 4021 1341 4088 Fauorino
1376 4022 1546 4090 tribueres

330 4130 547 4217 Χάρμανδρος
561 4130 814 4219 Χαρμανδρίδου
829 4128 998 4218 ἐγράψατο
1015 4127 1102 4216 αὐτῷ
1116 4129 1208 4214 δίκην
1223 4125 1373 4195 θανάτου
1388 4130 1472 4192 κατὰ
1489 4128 1548 4194 τὸν

331 4239 411 4325 παρ’
434 4232 542 4313 αὐτοῖς
567 4241 709 4304 τεθέντα
731 4235 843 4324 νόμον,
871 4239 929 4304 τδν
955 4236 1085 4324 πρῶτον
1113 4232 1274 4319 δανβοέννα
1295 4233 1488 4322 Ἀθηναίων
1509 4236 1547 4325 τῇ

215 4407 225 4430 ,
331 4341 416 4434 νήσῳ
438 4346 571 4433 ἄκριτον
593 4341 825 4432 ἀποθνήσκειν.
866 4342 919 4430 (ἦν
942 4345 971 4410 δ’
998 4341 1095 4420 αὐτὸς
1116 4341 1134 4410 δ
1158 4348 1232 4419 θεὶς
1248 4342 1307 4410 τὸν
1327 4341 1429 4428 νόμον
1451 4343 1548 4408 ααδᾶ
