3516 5272
1390 431 1431 494 73

208 609 281 691 Bp.
301 609 337 688 8,-
358 610 377 672 9
403 627 473 691 sqq.
506 609 679 674 ‘invenisse
702 606 872 672 Platonem
894 612 929 672 et
952 606 1050 673 verba
1073 613 1107 672 et
1129 626 1182 674 res
1203 613 1237 674 et
1251 608 1434 674 litterarum

368 733 497 797 genera,
521 715 610 780 velut
632 714 733 779 verba
755 711 932 798 ποιότητος,
961 709 1169 798 ἀντιπόδων,
1192 711 1310 800 μήκους
1336 710 1435 801 ἀριθ-

366 823 445 904 pom
469 840 569 903 genus
592 822 777 888 litterarum
798 821 836 884 τδ
859 817 1056 902 διαλογικόιδ
1083 827 1142 888 eto.
1157 859 1199 869 -
1212 823 1320 889 Pauca
1334 823 1434 904 serip-

368 928 412 994 sit
426 928 534 994 Laert.
553 925 710 1016 [pendens
734 927 961 992 aFavorini
983 947 1011 992 o.
1037 924 1095 1014 h.]‚
1119 929 1213 1010 Apul.
1239 929 1327 997 nihil.
1346 929 1434 1007 Quae

372 1035 412 1100 de
442 1031 562 1118 dialogi
590 1036 775 1102 inventione
803 1040 974 1116 praeterea
996 1055 1026 1116 p.
1046 1037 1076 1115 9,
1097 1035 1137 1099 18
1162 1034 1291 1102 exhibet
1315 1038 1353 1100 ‘ri
1375 1033 1436 1122 γάρ

368 1164 414 1215 τις
436 1143 524 1206 εἴποι
547 1139 594 1208 ὅτι
617 1141 673 1205 καὶ
696 1138 808 1226 Ζήνων
831 1142 895 1227 πρὸ
919 1137 1021 1208 αὐτοῦ
1042 1137 1219 1223 διαλόγους
1236 1143 1360 1230 ἔγραψε
1381 1144 1436 1206 καὶ

374 1249 587 1336 Παρμενίδης,
621 1248 756 1335 ἐροῦμεν
784 1245 834 1312 ὅτι
864 1243 957 1323 οὗτος
984 1247 1126 1332 μάλιστα
1155 1244 1242 1335 αὐτῷ
1268 1247 1433 1335 ἐχρήσατοῖ

373 1370 483 1422 eorum
505 1355 666 1437 particula
689 1355 774 1421 redit
797 1355 884 1436 apud
907 1355 1014 1420 Laert.
1041 1356 1082 1419 32
1107 1356 1141 1420 in
1163 1356 1256 1422 initio
1280 1357 1436 1424 librorum

369 1461 485 1528 indicis
521 1460 705 1540 ιδιαλόγους
732 1466 842 1526 τοίνυν
870 1461 952 1544 φασὶ
980 1463 1109 1547 πρῶτον
1138 1462 1269 1548 γράψαι
1298 1464 1436 1549 Ζήνωνα

369 1565 426 1634 τὸν
442 1564 599 1654 Ἔλέατην
615 1619 621 1632 .
636 1619 645 1634 .
662 1568 772 1634 δοκεῖ
791 1569 836 1634 δέ
858 1567 1082 1653 μοιΠλάτωυ
1104 1565 1283 1656 ἀκριβώσας
1300 1567 1337 1636 τὸ
1352 1571 1437 1646 εδδος

371 1675 426 1738 καὶ
448 1675 488 1740 τοὶ
513 1683 655 1762 πρωτεῖα
678 1676 811 1750 δικαίως
839 1675 883 1741 ἄν
906 1672 1010 1762 ὥσπερ
1033 1676 1091 1741 τοῦ
1114 1676 1253 1752 κάλλους
1277 1674 1359 1742 οὕτω
1382 1679 1437 1740 καὶ

369 1783 424 1866 τῆς
446 1778 600 1867 εὑρέσεως
623 1778 876 1868 άποφέρεσθαδ.
900 1819 946 1830 -
968 1782 1057 1850 Nihil
1081 1783 1175 1866 Apul.

210 1908 242 1970 p.
269 1891 299 1969 9,
325 1891 367 1954 20
392 1907 460 1971 sqq.
488 1889 672 1972 ‘Octoginta
700 1908 798 1954 unum
827 1908 928 1954 annos
955 1895 1066 1954 natum
1089 1890 1136 1954 Pl.
1168 1891 1365 1958 decessisse.
1390 1929 1436 1940 --

370 1996 477 2060 Laert.
502 1993 568 2060 ΠΡ
594 1993 647 2082 [ex
669 1992 871 2082 Hermippo].
908 1996 1001 2078 Apul.
1026 2015 1091 2061 nou
1113 1997 1200 2062 item.
1291 2045 1294 2052 .

300 2101 472 2185 Porphyrii
495 2108 530 2167 et
544 2103 667 2168 Laertii
692 2100 741 2190 [et
756 2100 886 2190 Apulei]
912 2122 1086 2168 consensus
1110 2123 1149 2169 ex
1171 2103 1269 2170 fontis
1291 2105 1434 2172 eiusdem

211 2227 271 2276 usu
295 2209 504 2290 explicandus
533 2214 592 2274 est.
640 2209 678 2274 Id
705 2209 791 2292 quod
819 2209 870 2274 vel
898 2229 961 2275 uno
985 2211 1130 2292 exemplo
1159 2211 1322 2293 probatur
1349 2212 1436 2293 quod

211 2316 295 2382 vinei
325 2321 474 2399 nequeat.
522 2315 721 2398 Porphyrius
749 2318 833 2382 enim
861 2317 1030 2384 Platonem
1059 2319 1245 2384 solemniter
1274 2319 1435 2401 sepultmn

212 2427 246 2490 et
268 2422 328 2489 hoo
351 2423 584 2505 epigrammate
607 2422 799 2488 honoratum
823 2442 895 2489 esse
918 2425 1068 2491 tradidit:
1193 2479 1195 2482 .

345 2531 428 2604 ‘toric
451 2524 503 2594 δύ’
519 2525 689 2596 Ἀπόλλων
712 2528 784 2616 φῦά
799 2529 993 2617 Ἀσκληπιὸν
1019 2528 1076 2617 ᾗδὲ
1100 2531 1263 2599 Πλάτωνα

346 2638 405 2702 τὸν
426 2636 490 2720 μὲν
511 2643 567 2702 ἵνα
589 2636 705 2724 ψυχήν,
729 2636 788 2703 τὸν
809 2637 837 2702 δ
861 2645 917 2704 ba
940 2640 1031 2722 σῶμα
1055 2640 1149 2704 σαοτ’.

301 2743 392 2822 Quod
416 2763 487 2810 oum
510 2762 614 2826 neque
636 2745 668 2809 in
684 2745 828 2827 Diogene
851 2746 1034 2812 inveniatur
1056 2766 1160 2828 neque
1183 2748 1215 2811 in
1231 2745 1377 2827 Apuleio,
1395 2743 1435 2808 ab

212 2851 268 2920 illo
281 2852 443 2934 accepisse
455 2871 518 2916 non
531 2855 650 2932 potest.
683 2851 829 2916 Sederat
845 2852 879 2916 in
891 2853 1049 2918 communi
1061 2853 1251 2935 biographo,
1268 2852 1296 2916 si
1308 2850 1436 2932 quidem

211 2958 267 3024 illo
281 2959 322 3025 ad
335 2977 410 3023 suos
422 2958 597 3024 versiculos
610 2957 855 3024 ooneareiendoe
868 2959 1017 3025 Laertius
1034 2961 1152 3026 abusus
1170 2965 1229 3026 est.
1261 2958 1441 3040 Egregium.

211 3065 283 3130 vide
307 3084 456 3132 versuum
478 3065 720 3147 pangendorum
744 3063 910 3145 artificem,
934 3071 1047 3148 utpote
1071 3067 1126 3148 qui
1149 3085 1252 3148 paene
1275 3065 1437 3145 integrum

212 3172 411 3254 epigramma
434 3172 678 3238 Atheniensium
700 3172 734 3236 in
758 3189 816 3236 sua
838 3173 999 3254 receperit
1022 3173 1268 3254 epigrammata:

255 3280 305 3345 III
327 3281 370 3345 30
393 3277 459 3344 ἐστὶ
480 3279 536 3343 κοιλ
557 3277 710 3365 ἡμέτερον
731 3281 776 3353 εἰς
799 3273 915 3344 αὐτόν·

301 3386 457 3467 καὶπῶς,
486 3389 515 3450 εἰ
536 3383 580 3469 μὴ
605 3389 726 3468 Φοῖβος
748 3380 800 3451 ἄν’
821 3383 967 3449 Ἑλλάδα
991 3388 1075 3472 φῦσε
1094 3383 1269 3466 Πλάτωνα,

348 3494 457 3580 ψυχάς
480 3489 669 3579 ἀνθρώπων
692 3490 875 3580 γράμμασιν
890 3489 1039 3577 iraeneum

302 3600 358 3664 καὶ
381 3597 444 3685 γὰρ
468 3598 604 3666 deoida
626 3597 723 3679 γεγὼς
739 3595 931 3682 ’Λσκλήιτιδς
955 3596 1038 3662 ἔστιν
1060 3597 1150 3686 ἶρτὴρ

349 3707 508 3793 σώματος,
532 3705 574 3782 ὥς
596 3708 701 3794 ψυχῆς
725 3701 915 3771 ἀθανάτοιο
940 3703 1088 3772 Πλάτων.

393 3813 448 3878 καὶ
473 3814 555 3879 ἄλλο
580 3812 621 3887 ὥς
644 3812 809 3877 ἐτελεύτα·

305 3924 424 4004 Φοῖβος
447 3921 546 4005 ἔφυσε
569 3924 695 4007 βροτοῖς
711 3917 906 4007 Ἀσκλήπιον
927 3916 987 4004 ρ’δδ
1012 3918 1201 3988 Πλάτωνα.

349 4025 408 4094 τδν
429 4032 490 4114 μὲν
514 4035 569 4093 ἵνα
592 4023 700 4114 ψυχὴν
722 4024 779 4091 τὸν
802 4026 832 4090 δ’
858 4033 913 4092 ἵνα
936 4033 1027 4112 σῶμα
1052 4037 1142 4093 σαοτ·

216 4186 427 4256 olympiodorus
457 4186 491 4240 de
522 4185 668 4241 itineribus
696 4184 820 4240 Platonis
848 4190 960 4254 praeter
988 4184 1172 4255 Porphyrium
1202 4182 1346 4252 usurparit
1373 4182 1439 4237 Plu·

216 4275 307 4330 tarohi
318 4275 434 4331 Diomm
455 4274 505 4344 [el.
516 4274 679 4344 opimetrnm
691 4272 743 4344 111.
771 4273 900 4330 Getarum
918 4273 1003 4329 eohol.
1016 4273 1045 4329 in
1062 4273 1178 4328 Aristot
1197 4290 1225 4343 p.
1243 4274 1310 4328 335·
1325 4274 1359 4328 47
1380 4285 1443 4340 sqip

217 4364 327 4420 ridetur
344 4363 572 4434 Porphyrianum·
583 4363 629 4434 [de
649 4362 838 4430 Anniceride}
958 4359 960 4362 ’
