3506 5272
368 488 431 551 108

513 662 637 716 Clemens
657 661 756 715 Strom.
776 662 797 713 l.
978 659 981 748 l
1216 660 1343 712 Laertius
1362 660 1383 711 I.

366 780 602 863 Χαμαιλέων
634 778 673 842 δέ
708 779 748 842 έν
782 785 830 863 τῷ
862 778 949 862 περὶ
1005 780 1047 844 ib.
1079 781 1192 843 τούτου
1217 777 1389 866 [Thaletis]
1412 781 1447 843 τό
1473 783 1592 858 ιγνῶθι

365 890 463 950 θεῶν
493 885 642 965 Θαλοῦ,
665 882 882 970 Ἀριστοτέλης
915 884 952 948 δὲ
1006 882 1138 952 σαότόν.

369 998 511 1068 Πυθίας.

366 1101 447 1181 §61
486 1097 596 1163 Πάλιν
631 1096 673 1163 αὖ
704 1102 874 1165 Χείλωνι
908 1107 951 1186 τῷ
1006 1102 1048 1166 ib.
1078 1104 1130 1165 41.
1178 1101 1419 1184 διαφωνοῦνται
1461 1100 1497 1164 δὲ
1536 1101 1592 1164 καὶ

365 1204 618 1290 Λακεδαιμονίῳ
665 1201 870 1291 ἀναφέρουσι
916 1204 950 1271 τὸ
1005 1203 1193 1292 ἀποφάσεις
1231 1197 1350 1287 αὐτῶν,
1396 1213 1451 1269 καὶ
1487 1208 1591 1272 ἄλλου

368 1312 478 1398 μηδὲν
502 1313 608 1390 ἀγαν.’
1006 1314 1089 1378 ἀλλο
1115 1320 1215 1398 φασὶν
1239 1317 1332 1396 εἶναι,
1355 1312 1396 1389 ὡς
1417 1315 1536 1378 ἐκεῖνο·

1007 1419 1056 1506 ‘iv
1085 1422 1359 1504 Λακεδαιμονίοις
1386 1421 1513 1486 Χείλων
1540 1439 1592 1486 σο-

1232 1529 1293 1611 φὸς
1316 1529 1351 1603 δς
1374 1525 1444 1591 τόδ’
1470 1528 1574 1606 ἔλεξε·

914 1671 916 1676 ’
1005 1637 1104 1722 μηδὲν
1120 1638 1220 1714 ἄγαν·
1245 1635 1347 1722 καιρῷ
1369 1633 1480 1700 πάντα
1496 1633 1591 1721 πρόσ-

1233 1760 1300 1808 εστι
1324 1741 1423 1806 καλά’
1436 1740 1517 1826 1141’).

367 1838 950 1926 Στράτωνδὲέντῷπερὶεὺρη-

366 1948 495 2034 μα’των
531 1944 787 2034 Στρατοδήμῳ
823 1949 864 2034 τῷ
897 1952 951 2012 Τε-

367 2053 464 2142 γεάτῃ
482 2052 659 2139 προσάπτει
676 2055 713 2119 τὸ
729 2049 950 2139 ἀπόφθεγμα·

368 2163 539 2246 Δίδυμος
584 2160 629 2227 δὲ
674 2159 823 2226 Σόλωνι
869 2158 950 2227 alto*
1006 2167 1090 2232 163
1136 2163 1308 2252 [Solonis]:
1356 2162 1591 2252 ἀπεφθέγξατο

367 2266 576 2353 ἀνατίθησιν,
589 2265 690 2353 ὥςπερ
707 2267 818 2350 ἀμέλει
831 2269 951 2334 Κλεο-
1008 2274 1044 2337 δέ
1066 2293 1147 2358 φασι
1173 2273 1283 2358 μηδὲν
1306 2275 1414 2350 ἀγαν’.

368 2372 493 2462 βοόλῳ
515 2375 552 2439 τό
579 2376 705 2461 (μέτρον
728 2376 887 2461 ἀριστον’·
1007 2383 1023 2446 Ι
1054 2383 1095 2446 93
1132 2379 1305 2468 [Cleobuli]
1340 2376 1591 2466 ἀπεφθέγξατο·

368 2481 404 2548 τδ
415 2482 445 2546 δ’
465 2481 599 2564 ιιἐγγύα·
617 2480 708 2568 πάρα
720 2482 748 2545 δ’
763 2480 848 2546 ἀτα”
864 2484 952 2546 Κλε-
1009 2492 1135 2576 ιμέτρον
1158 2488 1306 2575 ἄριστον.

370 2588 952 2677 ομένηςμὲνέντῷπερὶἩσιό-

368 2699 437 2762 δου
465 2694 603 2784 Ὁμήρου
633 2697 709 2784 φησὶ
739 2702 953 2785 προειρῆσθαι

369 2803 424 2868 διὰ
447 2803 584 2869 τούτων·

370 2909 489 2974 ιδειλαί
512 2934 561 2975 τοι
586 2910 700 2974 δειλῶν
715 2936 747 2974 τε
771 2909 824 2973 καὶ
840 2909 953 2988 ἐγγύαι

513 3011 738 3091 έγγυόασθαί.
851 3012 857 3019 “

263 3107 265 3112 ’
367 3117 952 3205 οἶδε’περὶἈριστοτέληΧεί·
1008 3125 1089 3188 173
1126 3122 1297 3211 [Chilonis]
1340 3121 1591 3210 ἀπεφθέγξατο·

367 3226 487 3301 λωνος
509 3221 591 3290 αδτό
611 3228 807 3310 νομίζουσιν·
1009 3229 1131 3313 ιἐγγύα·
1154 3228 1247 3317 πάρα
1272 3232 1299 3294 δ’
1326 3233 1416 3295 ἀτα’·

366 3334 542 3417 Δίδυμος
587 3330 624 3395 δὲ
671 3331 805 3396 Θαλοῦ
856 3352 954 3420 φησιν

368 3442 452 3503 είναι
475 3439 533 3522 τήν
557 3445 757 3524 παραίνεσιν.

368 3544 480 3610 ἔπειτα
497 3545 569 3633 ἑξῆς
582 3547 617 3613 τὸ
635 3545 761 3621 ιτιυῖντες
778 3545 953 3633 ἀνθρωποι

368 3653 476 3717 κακοί’
513 3650 532 3737 ἢ
562 3653 604 3718 ιολ
631 3655 776 3719 πλεῖστοι
804 3660 869 3721 τῶν
896 3651 953 3720 ἀν-

368 3759 513 3842 θρώπων
530 3762 633 3826 κακοί’
652 3798 697 3808 -
712 3760 805 3842 διχῶς
825 3761 888 3848 γάρ
905 3761 953 3823 ἐκ·

370 3871 501 3953 φέρεται
524 3867 560 3932 τό
585 3864 666 3932 αδτδ
687 3865 894 3954 ἀπόφθεγμα
910 3907 954 3916 -
1007 3871 1077 3936 188
1102 3870 1254 3953 [Biantis]
1279 3866 1525 3953 ἀπεφθέγξατο·
1551 3870 1596 3936 ‘oi

368 3973 404 4040 oi
421 3973 708 4060 περὶΣωτάδαν
723 3973 787 4038 τὸν
805 3973 953 4049 Βυζάν-
1009 3978 1155 4041 πλεῖστοι
1178 3980 1296 4042 κακοί·

367 4105 449 4147 τιον
472 4086 640 4156 Βίαντος
662 4081 810 4161 λέγουσιν
833 4085 928 4147 εἶναι·

368 4195 424 4253 καὶ
446 4190 482 4252 τό
509 4187 632 4274 *μελέτη
657 4185 767 4253 πάντα
790 4189 951 4275 καθαίρεί

441 4417 506 4488 ull)
526 4418 566 4472 cl.
586 4417 671 4472 schol.
691 4417 719 4470 in
738 4417 835 4486 Eurip.
854 4417 1033 4488 Hippolytum
1053 4421 1112 4474 264.
