3516 5272
1336 485 1378 548 29

157 666 306 747 τερατείᾳ
341 657 542 738 γυναικώδη.
601 657 736 724 Omnino
768 659 802 724 in
837 657 992 740 catalogis
1027 659 1248 740 cognominum
1282 661 1416 742 magis·

157 767 305 834 feruntur
340 766 380 832 de
410 766 509 832 libris
543 765 663 830 iudicia
701 784 796 847 quam
833 765 902 831 veri
937 765 1147 848 designantur
1181 767 1282 832 tituli:
1323 767 1385 832 huc

157 874 360 940 referendum
382 873 542 939 Theodori
557 873 720 938 Gadareni
741 871 870 954 βιβλίον
892 869 1062 949 πάγκαλον
1084 872 1117 938 Π
1135 873 1196 937 103
1222 877 1255 938 et
1277 873 1385 940 Xeno-

158 982 256 1046 crocis
271 978 455 1062 philosophi
471 977 594 1060 ἐλεγείου
610 976 668 1042 οὐκ
691 977 836 1060 ἐπιτυχής
858 977 903 1042 IV
929 980 969 1042 15
994 983 1053 1043 etc.
1078 1015 1122 1026 -—
1146 979 1247 1045 Sunio
1272 980 1385 1064 ιφλυοι·

158 1090 237 1174 ρίαι’
261 1105 300 1152 ex
323 1090 511 1168 argumento
534 1084 610 1149 libri
632 1085 770 1166 politae:
796 1085 901 1167 qualis
929 1090 1001 1156 erat
1029 1087 1168 1167 genuina
1194 1087 1384 1169 inscriptio?

157 1194 314 1258 Nimirum
338 1196 460 1274 Λίσχαι
491 1210 561 1256 cum
592 1209 650 1256 sua
679 1195 794 1273 sponte
823 1197 993 1257 occurrunt
1023 1196 1091 1257 tum
1115 1191 1342 1258 confirmantur
1366 1213 1385 1258 a

156 1299 271 1365 Photio
297 1299 385 1383 [hinc
409 1299 524 1365 Suidas
549 1302 582 1362 et
604 1298 666 1363 lox.
691 1298 889 1364 Bachmanni
912 1317 937 1364 s.
954 1298 998 1382 u]
1023 1317 1048 1364 o.
1065 1318 1094 1364 v.
1119 1297 1254 1385 λέσχη·
1279 1297 1383 1384 πολλὴ

157 1403 278 1490 ὁμιλία,
303 1406 493 1492 φλυαρία·
517 1403 552 1468 τὸ
578 1404 614 1469 δὲ
636 1405 781 1470 παλαιὸν
805 1404 857 1488 [cf.
879 1405 1035 1487 Harpoor.
1055 1423 1079 1470 S.
1096 1404 1141 1488 λλ]
1165 1404 1201 1470 αἲ
1224 1407 1385 1493 καθέδραι

156 1519 211 1576 καὶ
239 1511 271 1577 ολ
299 1511 391 1578 τόποι
426 1511 462 1578 ἐν
496 1511 542 1588 οίς
577 1511 740 1578 εἰώθεσαν
772 1512 963 1597 φιλοσοφεῖν
1001 1508 1234 1598 ἀθροιζόμενοι
1269 1513 1384 1594 λέσχαι

156 1619 348 1685 ἐκαλοῦντο·
373 1616 472 1694 οὕτως
489 1618 566 1706 φησλ
584 1618 640 1682 καλ
656 1616 816 1706 Ἱεροκλῆς
839 1617 875 1684 ἐν
896 1617 926 1681 α’
945 1618 1245 1703 φιλοσοφουμένων.
1283 1619 1383 1701 Atqui

155 1728 236 1792 bono
264 1727 409 1793 novimus
436 1727 648 1812 λεσχηνευτην
670 1724 875 1790 Heraclidem
898 1725 1066 1790 Ponticum
1095 1725 1266 1806 minorem,
1294 1725 1383 1791 velut

156 1853 195 1900 ex
217 1834 413 1900 Artemidori
437 1833 657 1900 Onirooriticis
679 1832 724 1898 IV
750 1829 840 1916 63²⁶)
864 1836 898 1896 et
914 1831 1033 1897 Suidae
1055 1831 1157 1898 lexico
1182 1849 1207 1898 s.
1232 1852 1260 1898 v.
1281 1829 1384 1918 Ἡρα-

155 1937 340 2026 alerenen),
358 1941 413 2023 qui
425 1945 503 2023 quot
514 1938 701 2004 historiolas
715 1943 808 2018 ’ξένας
821 1943 876 2001 καί
889 1933 1062 2023 ἀτρίπτους
1072 1943 1105 2003 et
1117 1936 1383 2023 δυσερμηνεύτους

155 2051 278 2128 Λίσχαι
307 2047 488 2112 Heraclidis
518 2044 795 2127 hendecasyllabis
824 2044 962 2125 scriptas
995 2043 1284 2126 complecterentur
1317 2049 1383 2110 tra-

155 2154 314 2220 diderunt.
355 2154 440 2219 Luce
461 2154 579 2220 clarius
596 2156 646 2216 est
668 2150 752 2216 bunc
767 2149 964 2230 Leocharum
980 2155 1110 2231 poetam
1128 2155 1161 2216 et
1175 2149 1383 2216 Laertiamun

156 2277 226 2325 esse
254 2259 459 2325 Heraclidem
486 2259 654 2327 Ponticum
682 2257 838 2324 minorem
868 2261 902 2322 et
935 2263 1010 2338 post
1038 2259 1209 2340 Didymum
1238 2263 1384 2338 tempore

156 2366 275 2431 Tiberii
309 2365 456 2432 floruisse
492 2365 544 2450 [of.
574 2365 735 2432 Meinekei
770 2363 853 2430 anal.
886 2363 976 2430 Alex.
1004 2383 1035 2445 p.
1053 2365 1116 2429 377
1148 2364 1242 2448 sqq.].
1295 2363 1382 2441 Quae

156 2490 227 2552 cum
250 2472 298 2537 ita
321 2473 394 2553 sint,
419 2472 578 2554 quomodo
601 2471 792 2552 iudicaverit
808 2470 1056 2537 Scbeuerlcerus
1073 2470 1298 2552 interrogabis.
1339 2469 1384 2534 Ut

154 2577 293 2642 bominis
316 2579 532 2660 imprudentia
556 2584 589 2644 et
612 2579 738 2643 vanitas
762 2583 883 2660 quanta
906 2576 1005 2642 fucrit
1019 2577 1148 2658 penitus
1164 2577 1381 2658 intellegatur,

154 2686 253 2750 verba
277 2686 345 2752 eius
369 2686 549 2752 adscribam
569 2706 600 2768 p.
620 2687 660 2750 18
677 2703 723 2768 sq.
750 2685 807 2750 Ἧ.
824 2682 986 2750 Ponticus
1008 2681 1128 2748 ordene
1150 2683 1205 2748 λιι
1218 2683 1384 2748 secundus

155 2790 172 2856 ὁ
201 2791 355 2878 πυρρίχας
384 2792 438 2856 καὶ
469 2791 630 2879 φλυαρίας
658 2795 908 2874 συντεταγμένος
937 2789 1023 2856 idem
1049 2790 1131 2854 solet
1149 2787 1267 2856 haberi
1286 2793 1383 2874 atque

154 2900 203 2965 H.
226 2897 399 2973 Ponticus,
423 2897 487 2984 qui
506 2905 635 2982 Λέσχας
657 2896 802 2985 scripsit.
848 2895 912 2962 Illi
939 2917 1016 2962 vero
1045 2902 1118 2962 tum
1141 2895 1181 2960 in
1199 2901 1382 2980 temporum

155 3003 318 3070 rationem
351 3010 424 3069 tum
453 3003 492 3069 in
522 3004 740 3072 Graecitutem
772 3008 1002 3090 peremerunt,
1036 3023 1120 3076 unm
1146 3004 1195 3067 Η.
1218 2998 1382 3066 Ponticus

153 3113 240 3178 alter
265 3133 362 3198 quem
393 3109 488 3176 nooe't
512 3110 709 3178 Demetrius
736 3113 882 3196 Magnes
910 3147 951 3156 —
981 3111 1100 3176 audin?
1135 3108 1308 3176 circulatur
1336 3142 1380 3152 -

154 3241 224 3284 non
243 3223 351 3304 potest
370 3216 457 3283 edem
479 3240 546 3284 esse
567 3224 664 3304 atque
685 3218 898 3292 lescheueuta,
922 3213 1147 3304 quich'nmi
1164 3211 1315 3300 aequales
1336 3213 1385 3277 ud

156 3325 296 3391 Claudii
315 3324 528 3412 Neronisque
549 3323 783 3412 principatum
810 3322 936 3390 venisse
963 3321 1125 3390 trade'tur.
1171 3319 1234 3386 Illi
1258 3317 1381 3407 quiin

153 3439 299 3518 tempora
315 3438 446 3498 tuntum
457 3434 641 3518 peccabunt,
664 3433 758 3498 modo
773 3429 945 3498 senuissent
958 3428 1171 3496 Demetrium
1188 3428 1381 3512 Magnetem

155 3538 287 3622 [iterum
311 3539 513 3623 circuietur],
537 3561 606 3606 non
628 3560 705 3605 uero
727 3537 915 3624 Diogenem
939 3539 980 3602 L.
1003 3538 1094 3603 hune
1115 3533 1380 3602 Ηινιιιίιιίανιινι

152 3647 341 3730 catalogum
363 3643 538 3729 confecime
565 3647 659 3712 ualde
687 3644 809 3712 mirati
833 3649 939 3710 essent
963 3643 1027 3730 qui
1040 3642 1130 3730 fieri
1148 3639 1313 3728 potuerit,
1343 3643 1384 3703 ut

153 3752 346 3817 Athenaeus
362 3759 398 3837 p.
417 3755 480 3818 649
497 3750 710 3818 Inieruelidem
733 3749 855 3816 darent
876 3749 1093 3837 λεσχηνευτὴν,
1116 3747 1258 3814 minime
1271 3753 1381 3812 lamen

153 3855 329 3930 rnde'curel,
341 3856 429 3924 idem
439 3864 522 3944 opus
533 3858 648 3940 λέσχας
662 3855 805 3923 enscm'bi
813 3861 845 3921 et
856 3854 926 3924 din
936 3856 1094 3945 πυρρίχας
1108 3862 1183 3922 unt
1197 3845 1378 3942 φλυαρίας.

229 4049 266 4120 ²⁶)
285 4052 336 4106 ιίσλ
353 4051 407 4122 γὰρ
426 4052 472 4105 καὶ
490 4071 563 4123 παρα
589 4049 745 4122 Λυκόφρονι
762 4053 791 4102 ἐν
808 4049 839 4122 τῇ
853 4047 1013 4120 Ἀλεξάνδρᾳ
1031 4050 1077 4101 καί
1096 4047 1169 4118 παρὰ
1185 4043 1380 4116 Ἡρακλείδη

152 4141 194 4210 τῷ
212 4139 363 4210 Ποντικῷ
382 4143 414 4192 ἐν
432 4145 506 4202 ταῖς
525 4143 666 4210 Λέσχαις
684 4139 731 4191 καί
749 4136 823 4209 παρολ
836 4143 981 4209 Παρθενίῳ
999 4141 1096 4198 ἐντοῖς
1108 4139 1233 4207 ἐλεγείαις
1250 4136 1298 4187 καὶ
1315 4129 1380 4203 παρ’

152 4227 242 4288 ἄλλοις
259 4231 365 4288 πολλοῖς
382 4231 496 4300 ἱστορίαι
515 4231 587 4290 ξέναι
605 4228 651 4282 καί
668 4227 798 4298 ἄτριπκοι.

227 4315 265 4387 2²)
284 4321 386 4388 ἔγραφε
404 4322 492 4389 μέτρῳ
504 4317 639 4388 Σαπηικῷ
657 4315 713 4383 ἤτοι
731 4319 883 4386 ψαλμικείρι
896 4313 1024 4385 βιβλίον’
1038 4311 1234 4384 δυσερμήνευτιι
1252 4312 1299 4364 καί
1316 4314 1378 4364 πολ-

152 4404 200 4472 λὴν
218 4406 262 4472 τὴν
281 4407 398 4476 ἀπορίαν
417 4409 511 4478 ἔχοντα
530 4409 755 4480 προβαλλομένων
775 4404 910 4470 ζητήσεων,
930 4399 1039 4462 ἅστινας
1057 4399 1159 4472 Αέοχας
1178 4399 1306 4454 ἐκάλεσεν.
