3516 5272
283 491 327 554 20

372 665 473 736 Nemo
497 663 676 744 mirabitur,
702 663 731 728 si
746 661 856 746 Cynici
878 663 934 727 ille
957 663 1100 728 amasius
1121 663 1263 729 studium
1278 681 1356 746 erga
1373 663 1507 747 Cynicos

282 771 436 855 quosdam
471 772 569 836 etiam
602 771 636 835 in
672 768 949 852 ‘philosophorum
983 770 1206 852 percrusionc’
1242 788 1321 853 prae
1359 789 1394 836 se
1432 770 1504 838 lert.

280 879 410 946 Diocles
434 897 505 944 cum
529 879 569 943 de
591 876 784 944 Antisthene
813 876 1007 958 disputaret,
1044 876 1130 941 inter
1159 876 1247 942 illius
1275 876 1396 959 placita
1425 878 1506 943 nihil

281 987 358 1068 quin
383 990 468 1050 esset
484 984 656 1062 laudabile,
681 1001 874 1064 quamquam
889 986 1020 1064 poterat
1035 983 1146 1064 multa,
1170 982 1308 1064 protulit
1326 982 1379 1066 [cf.
1395 984 1503 1049 Laert.

279 1093 334 1174 Vl,
361 1093 425 1176 13].
466 1092 560 1173 Sapit
574 1095 746 1173 praeterea
759 1089 949 1172 Cynicorum
965 1089 1106 1156 studium
1122 1090 1208 1172 qnod
1223 1091 1337 1156 tritum
1352 1091 1432 1156 illud
1449 1091 1505 1156 So-

279 1200 377 1265 cratis
391 1200 441 1263 δετ
453 1211 585 1264 σκοπεῖν
601 1195 678 1262 ‘ricco
694 1222 743 1264 τοι
758 1197 795 1264 ἕν
808 1197 997 1284 μεγάροισιν
1013 1197 1112 1261 κακόν
1126 1198 1153 1260 τ’
1171 1193 1502 1277 &auctorizaverat

278 1307 418 1388 Diogeni
441 1307 550 1388 cynico
574 1306 633 1386 Vl,
661 1307 722 1370 103
746 1305 929 1372 vindicavit.
978 1306 1176 1388 Quamquam
1199 1307 1280 1372 alios
1303 1306 1437 1390 cynicos
1463 1345 1501 1355 -

278 1414 367 1479 uelut
389 1413 576 1495 Menippum
600 1417 698 1494 atque
722 1412 802 1478 adeo
826 1412 1026 1494 Meleagrum
1048 1419 1293 1496 praeceptorem
1325 1415 1504 1493 καταγέλω-

277 1544 331 1596 τος
351 1523 505 1602 γέμοντας
528 1520 635 1586 Laert.
660 1519 681 1584 l.
707 1537 732 1584 o.
758 1555 801 1566 -
824 1538 888 1584 non
911 1520 1009 1586 nimio
1037 1519 1294 1603 prosequebatur
1317 1539 1435 1586 amore.
1459 1557 1503 1569 -

277 1627 413 1692 Frustra
436 1627 612 1708 quaeritur,
637 1631 745 1692 utrum
768 1627 871 1708 magis
887 1626 929 1691 ad
951 1625 1102 1708 frigidam
1118 1627 1229 1694 Stoam
1252 1647 1293 1694 an
1315 1629 1356 1692 ad
1371 1629 1503 1710 Epicuri

276 1731 477 1800 hortulorum
513 1733 740 1798 amoenitatem
775 1733 986 1815 propendisse
1013 1734 1177 1800 videaturz
1212 1740 1382 1817 utrumque
1418 1736 1503 1801 enim

275 1859 334 1922 per
357 1859 392 1906 se
414 1845 524 1922 potest
553 1840 697 1922 cogitari.
743 1840 788 1905 At
817 1845 929 1906 contra
958 1840 1137 1907 Stoicorum
1161 1843 1336 1924 opprobria
1358 1842 1501 1910 defendit

275 1948 489 2030 purgavitque
511 1947 642 2029 Epicuri
672 1947 895 2028 integritatem
919 1946 971 2031 [ct
996 1947 1036 2028 X,
1062 1949 1096 2032 3]
1125 1953 1159 2012 et
1186 1949 1314 2014 amavit
1369 1949 1439 2027 Qua
1461 1968 1502 2014 ex

274 2071 311 2118 re
334 2053 374 2118 de
398 2058 487 2118 secta
502 2052 608 2118 Diocli
629 2053 767 2134 probata
790 2071 830 2118 ne
854 2072 1071 2136 praepropera
1094 2052 1153 2118 fiat
1168 2055 1363 2136 coniectura,
1388 2074 1500 2121 caven·

275 2160 348 2224 dum
380 2165 444 2240 est,
480 2161 509 2224 si
536 2160 664 2242 quidem
694 2164 728 2225 et
755 2159 911 2224 hodierno
940 2165 1087 2242 tempore
1123 2161 1178 2243 qui
1204 2162 1304 2228 vitam
1334 2167 1367 2227 et
1394 2181 1500 2228 mores

273 2267 407 2350 Epicuri
429 2268 624 2332 admiramur
647 2285 711 2333 non
735 2285 843 2332 sumus
866 2263 1076 2348 Epicurei¹⁸).

346 2441 381 2512 ¹⁷)
399 2443 580 2497 Accuratiore
608 2441 713 2497 Dioclis
741 2441 896 2510 cognitione
924 2441 1118 2496 reconcinnata
1145 2458 1266 2497 errorem
1297 2444 1431 2513 quendam
1463 2445 1497 2499 de

272 2531 456 2585 Potamone
485 2531 721 2586 Alexandrino
751 2537 928 2600 propagatam
956 2531 1100 2585 emendare
1132 2532 1259 2586 conabor.
1314 2533 1442 2588 Laertius
1469 2534 1497 2587 in

274 2620 445 2690 praefatione
463 2635 524 2675 cum
545 2627 633 2675 sectas
651 2619 878 2689 philosophorum
896 2625 1060 2688 recenseret,
1080 2620 1164 2674 etiam
1176 2621 1211 2674 de
1231 2635 1263 2675 ea
1279 2637 1350 2689 quae
1368 2621 1498 2676 eclectica

275 2715 390 2764 vocatur
413 2710 498 2766 verba
520 2710 586 2764 fecit
605 2709 621 2779 ἓ
640 2711 688 2767 21:
712 2713 748 2767 du
772 2711 801 2764 dt
821 2710 883 2780 πρὸ
907 2711 1021 2781 ὀλίγον
1039 2711 1084 2764 καὶ
1106 2709 1235 2776 ἐκλεκτική
1254 2729 1292 2771 τις
1310 2714 1411 2781 αἵρεσις
1429 2712 1497 2778 stoi·

269 2805 327 2871 χθη
345 2797 397 2853 ὑπὸ
415 2797 579 2872 Ποτάμωνος
597 2801 641 2854 τοῦ
657 2801 848 2870 Ἀλεξανδρέως
871 2801 1043 2873 ἐκλεξαμένου
1061 2799 1090 2852 τὰ
1113 2799 1257 2869 ἀρέσκοντα
1281 2801 1309 2860 ἐξ
1325 2799 1433 2867 ἑκάστης
1447 2802 1497 2853 τῶν

273 2890 411 2958 αἱρέσεων·
432 2889 536 2960 ἀρέσκει
554 2888 580 2941 d’
599 2889 667 2959 αὐτῷ
685 2892 736 2942 κτλ.
774 2887 885 2942 Laertio
905 2888 1082 2942 crediderunt
1100 2885 1181 2941 facile
1201 2887 1314 2956 creduli,
1334 2905 1496 2958 quamquam

273 2992 355 3031 sanus
374 2977 474 3032 Suidae
498 2977 629 3032 articulus
648 2993 669 3030 s.
688 2995 712 3031 v.
752 2977 936 3032 Potamomem
961 2977 1080 3045 Augusti
1104 2982 1195 3030 aetate
1220 2977 1344 3031 docuisse
1371 2983 1495 3032 testatur.

272 3065 311 3118 At
330 3065 429 3120 Suidae
449 3067 622 3120 credendum.
660 3066 812 3122 Oblocutus
831 3083 916 3136 paene
936 3067 1010 3120 solus
1030 3071 1072 3119 est
1090 3063 1271 3120 Nictzscheus
1292 3066 1396 3135 [progr.
1415 3084 1442 3137 p.
1457 3067 1494 3137 9],

272 3153 320 3209 aed
344 3154 385 3209 ita
411 3160 442 3208 ut
466 3155 524 3208 veri
551 3160 658 3223 partem
681 3155 854 3224 intellegeret
876 3161 981 3225 partem
1004 3155 1085 3208 irrita
1108 3153 1142 3209 de
1166 3155 1261 3209 Diocle
1285 3155 1495 3210 ratiocinatione

272 3242 434 3311 depravaret
454 3242 502 3311 [cf.
514 3243 711 3312 Frendentbal,
729 3260 756 3312 p.
775 3247 848 3314 308]
876 3245 928 3314 πρὸ
947 3249 1039 3316 ου’γου
1057 3245 1105 3313 qui
1122 3244 1233 3314 scripsit
1252 3245 1298 3300 vix
1316 3252 1379 3300 ante
1399 3246 1495 3302 initum

271 3330 305 3384 ab
331 3331 454 3399 Augusto
480 3332 623 3401 imperium
649 3331 791 3400 scripsisse
814 3334 952 3402 putandus
977 3339 1027 3387 est.
1066 3334 1110 3386 An
1132 3333 1262 3389 Diocles?
1298 3334 1382 3389 Modo
1404 3351 1495 3390 senem

271 3433 381 3474 censeas
405 3419 556 3488 scripsisse.
594 3419 760 3488 Quamquam
783 3437 827 3475 res
850 3436 904 3475 non
928 3427 1011 3475 certa.
1052 3421 1376 3495 Suid.s.v.11mcipmv,
1401 3427 1495 3496 γέγονε

270 3508 323 3578 πρὸ
348 3506 503 3580 Αὐγούστου
525 3512 571 3563 καὶ
593 3507 651 3580 μετ’
680 3507 768 3563 αὐτόν.
822 3507 959 3564 Dielesius
984 3511 1096 3580 doxogr.
1119 3526 1146 3579 p.
1166 3514 1198 3567 81
1219 3515 1281 3566 nl
1309 3517 1337 3566 et
1364 3511 1495 3567 Rohdeus

270 3595 350 3667 [mus.
369 3597 446 3651 rhen.
465 3597 585 3651 XXXIII
607 3600 674 3652 1878
692 3615 719 3667 p.
741 3599 790 3654 186
803 3599 845 3668 n¹]
870 3599 936 3652 ‘arez'
955 3599 1045 3652 αὐτόν’
1064 3606 1096 3652 ut
1117 3599 1145 3653 in
1165 3599 1251 3654 Snida
1269 3617 1323 3654 non
1344 3600 1494 3669 probabile.

270 3715 304 3725 -
319 3684 416 3739 Suidas
436 3701 456 3741 s.
477 3703 500 3740 v.
520 3688 663 3757 Λεσβῶναξ
680 3692 858 3754 Μυτιληναῖος
876 3689 1024 3760 φιλόσοφος
1043 3689 1162 3760 γεγονώς
1178 3692 1222 3742 ἐπὶ
1242 3689 1393 3761 Αὐγούστου
1412 3690 1494 3761 πατὴρ

269 3773 433 3842 Ποτάμωνος
461 3777 516 3828 τοῦ
549 3776 746 3846 φιλοσόφου·
776 3781 880 3850 ἔγραψε
906 3779 1015 3832 πλεῖστα
1045 3778 1180 3848 φιλόσοφοι
1207 3777 1351 3832 manifesto
1382 3778 1493 3832 erravit.

268 3859 426 3914 Potamonis
448 3868 528 3930 pater
551 3863 604 3917 luit
631 3863 774 3919 Lesbonax
799 3864 842 3936 [cf.
868 3866 898 3919 Ο,
922 3867 941 3920 l.
963 3881 1003 3934 gr.
1028 3865 1055 3920 ΙΙ
1079 3868 1148 3922 2182
1172 3867 1200 3920 in
1222 3866 1303 3920 titulo
1326 3863 1493 3935 Mytilenaeo

269 3947 442 4021 Ἧοττὲμωνος
461 3951 507 4004 τοῦ
529 3951 718 4021 Λεσβώνακτος
742 3951 893 4024 upordpa'a’]
917 3960 945 4008 at
970 3970 1023 4009 non
1045 3955 1203 4024 philosophi
1231 3953 1278 4010 sed
1302 3953 1422 4010 rhetoris
1446 3953 1493 4024 [cf.

269 4037 617 4112 Suidass.v.110uipaw]
643 4041 785 4097 Strabonis
811 4042 897 4097 aetati
922 4043 1046 4112 supparis
1070 4041 1152 4112 [XIII
1172 4060 1200 4112 p.
1223 4045 1298 4114 617]
1338 4041 1378 4096 ct:
1396 4041 1492 4097 Rohde

268 4125 385 4180 ‘Griech
405 4128 506 4182 roman’
525 4145 551 4198 p.
571 4131 621 4185 341
643 4145 669 4183 n.

339 4213 375 4287 ¹⁸)
394 4215 474 4270 Fecit
491 4218 544 4271 hoc
557 4217 738 4273 Nietzscheus
758 4219 837 4289 [mus.
854 4221 930 4273 rhen.
943 4219 1038 4274 XXIII
1057 4219 1150 4292 [1868]
1170 4236 1196 4289 p.
1210 4220 1274 4291 641]
1293 4221 1391 4276 merito
1410 4220 1491 4275 casti·

268 4308 348 4371 gatus
373 4320 390 4358 a
412 4305 628 4360 I'reudenthalio
652 4323 678 4376 p.
701 4309 761 4362 308.
801 4308 903 4361 Verum
926 4309 1148 4378 probabilitatem
1171 4325 1271 4378 negare
1297 4325 1350 4364 non
1374 4309 1492 4365 debebat

268 4392 498 4448 Frendenthalius
517 4411 543 4462 p.
563 4398 615 4449 312
635 4397 738 4450 Laertii
761 4397 796 4450 de
815 4397 936 4464 Epicuro
960 4399 1050 4454 verbis
1071 4399 1200 4452 inductus
1218 4399 1244 4451 X
1266 4401 1310 4452 12:
1329 4398 1444 4470 μάλιστα
1464 4397 1491 4451 d’
