3516 5272
297 663 328 727 3.
351 659 509 728 Incerta
531 669 739 730 remanent

420 770 498 836 Cum
521 771 663 837 Isocrate
686 771 826 837 amicitia
849 770 1095 857 [Praxiphanes]

419 878 531 944 Dionis
555 879 705 960 choregia
728 877 980 963 [Athenodorus]

476 1035 495 1066 ‚‚
553 985 685 1051 divitIae
709 984 857 1070 [Onetor]

299 1129 303 1136 ·
420 1090 487 1156 Iter
511 1092 701 1174 Megarense
725 1091 970 1177 [Hermodorus]

421 1197 578 1264 Chabriae
601 1199 743 1266 defensio

421 1304 591 1372 Methodus
614 1308 647 1373 in
671 1308 857 1373 disserendo

419 1412 580 1495 Archytae
604 1415 743 1497 epistula

419 1520 702 1605 Apophthegmata

421 1627 659 1694 Testamentum
669 1626 718 1712 88).

298 1734 366 1798 Iam
383 1753 465 1817 quae
482 1737 682 1817 exprobetis
700 1735 898 1802 consectaria
915 1741 990 1801 sunt
1008 1738 1227 1819 quaestionem
1246 1739 1285 1804 de
1301 1739 1430 1805 Laertio

207 1839 389 1906 iustitutam
417 1859 454 1905 eo
481 1847 685 1923 promovent,
720 1848 759 1907 ut
780 1842 917 1909 bonam
940 1844 1241 1910 Laertianarum
1264 1847 1431 1912 vitarum

209 1953 359 2028 partem
393 1949 461 2014 uni
496 1949 629 2015 deberi
662 1950 881 2042 biographo
916 1987 961 1998 -
986 1969 1038 2016 me
1066 1951 1170 2017 Iudice
1199 1951 1357 2019 Favorino
1387 1991 1429 2002 -

208 2054 464 2123 iudinandum
500 2057 560 2122 sit
611 2057 693 2124 Nam
721 2077 792 2123 oum
819 2076 882 2123 non
911 2058 1013 2124 solum
1041 2059 1074 2123 in
1101 2058 1245 2124 Platonis
1272 2061 1340 2125 vita
1375 2062 1432 2126 sed

133 2151 136 2158 ’
208 2162 243 2226 in
267 2162 412 2228 omnibus
436 2164 477 2228 ad
500 2165 612 2230 eadem
636 2165 824 2248 saepissime
839 2170 992 2247 provocet
1007 2166 1201 2247 testimonia,
1226 2167 1431 2250 inpromptu

210 2273 260 2334 est
282 2277 436 2353 quantum
460 2272 508 2336 illi
532 2272 575 2336 sit
597 2272 802 2338 reddendum.

298 2377 386 2442 Haeo
411 2383 498 2443 oerta
521 2383 667 2445 tenemus
690 2381 831 2445 ratione:
867 2378 961 2462 plura
993 2379 1239 2462 suspicabimur;
1276 2386 1311 2446 at
1345 2381 1432 2446 illino

211 2501 337 2565 semper
361 2489 411 2550 est
433 2483 707 2566 profioIsoeudum.

631 2736 660 2802 2.
689 2739 730 2805 he
753 2739 920 2806 Aristotelis
943 2739 1012 2804 vita.

577 2894 607 2933 a.
627 2879 670 2934 lle
689 2879 864 2936 Ptolemaeo
883 2880 915 2934 ot
933 2879 1069 2935 Laertio.

304 3006 331 3068 1.
363 3002 497 3070 Constat
530 3005 615 3068 inter
644 3023 769 3085 omnes,
807 3009 963 3087 quotquot
993 3005 1032 3070 de
1060 3004 1235 3069 Aristotele
1263 3003 1430 3086 scripsere,

212 3111 311 3176 vitam
356 3111 789 3176 Pseudoammonianam
836 3111 898 3196 [ed.
939 3111 1163 3176 Westermann
1207 3114 1282 3192 post
1321 3110 1433 3176 Ooheti

213 3216 377 3283 Laertium
415 3221 514 3300 p.10
555 3219 638 3302 sqq]
679 3219 948 3301 Menagianam
988 3219 1008 3285 i.
1038 3238 1066 3284 e.
1099 3217 1335 3301 Hesychianam
1375 3217 1430 3302 [ib.

212 3344 243 3407 p.
260 3327 299 3390 12
317 3325 378 3409 sq]
386 3319 427 3410 89)
451 3325 690 3392 Marcionem
714 3325 777 3411 [ed.
790 3325 901 3393 Robbe
918 3325 1018 3409 Lugd.
1032 3327 1103 3391 Bat.
1121 3325 1219 3410 1861]
1237 3343 1432 3392 communem

212 3555 263 3608 per
282 3539 428 3594 tenendum
453 3553 477 3592 0.
495 3537 523 3590 h.
542 3537 676 3592 Favorini·
690 3537 859 3594 elaboratam
886 3553 946 3594 esse
965 3540 1008 3594 ‘ex
1026 3537 1119 3592 multis
1137 3542 1166 3592 et
1187 3537 1270 3593 variis
1293 3542 1322 3594 et
1344 3554 1432 3593 remo·

212 3629 249 3682 tis
267 3626 447 3684 lectionibus’.
485 3626 525 3681 (11.
543 3643 569 3695 p.
589 3629 624 3682 48
643 3642 702 3695 sqq.

284 3715 322 3789 88)
339 3717 542 3772 Testamentum
557 3715 737 3770 Stratonis
749 3715 924 3770 Laertianum
940 3730 975 3770 ex
987 3715 1149 3770 Aristone
1165 3713 1245 3770 fluxit
1258 3716 1283 3772 V
1296 3720 1330 3772 64
1348 3716 1432 3771 ‘xasa

213 3827 266 3863 nov
283 3806 415 3880 συνήγαγε
440 3808 485 3860 καὶ
504 3805 660 3877 Ἀρίστων
678 3809 803 3866 οἰκεῖος
829 3805 898 3874 [1011.
919 3802 933 3859 ὃ
953 3807 1056 3876 Krios}
1082 3805 1127 3859 Sia
1150 3806 1226 3860 codd.
1254 3821 1288 3859 ex
1306 3805 1431 3861 Hubneri

214 3897 351 3952 memoria.
388 3895 475 3950 Cobet
494 3893 516 3950 ‘i
536 3894 625 3957 Xzog':
647 3894 739 3948 neutri
758 3894 921 3949 eredendum
940 3900 990 3949 est.
1010 3928 1043 3936 -
1062 3895 1268 3950 Aristotelis
1287 3901 1433 3950 testamen*

215 3992 271 4040 tum
299 3985 437 4040 habebant
463 3985 545 4040 etiam
569 3984 777 4052 Hermippus
804 3983 851 4053 [cf.
875 3984 941 4039 Ath.
962 3985 1031 4039 XIII
1051 4002 1078 4055 p.
1100 3987 1152 4040 589
1174 3983 1217 4054 o]
1243 3989 1271 4038 et
1299 3983 1431 4040 Andro·

215 4076 313 4131 nicus
331 4075 402 4147 [rita
419 4075 535 4129 Aristot.
554 4073 695 4128 Marciana
716 4075 758 4130 ed.
776 4074 881 4144 Robbe,
900 4074 986 4143 Lugd.
1005 4074 1065 4129 Bat.
1087 4076 1153 4130 1861
1172 4089 1199 4142 p.
1218 4073 1258 4142 8].
1294 4074 1431 4130 Androni-

215 4179 263 4220 eus
281 4164 351 4219 nihil
368 4164 402 4219 od
421 4164 580 4233 Diogenem.

286 4251 324 4323 89)
341 4252 480 4324 Originum
503 4252 671 4308 demonstrat
694 4251 793 4306 Suidae
817 4251 981 4320 comparatio
1002 4250 1049 4320 [ol.
1068 4250 1101 4306 V.
1121 4249 1191 4305 Rose
1210 4250 1251 4304 ‘de
1274 4251 1431 4308 AristoteIIs
1476 4259 1478 4263 ’

215 4340 347 4395 librorum
365 4340 470 4397 ordino'
488 4348 541 4395 eto.
559 4358 585 4411 p.
600 4343 636 4397 48
654 4340 733 4413 sqq.].
747 4372 779 4382 -
794 4339 921 4396 Veterem
940 4339 1144 4394 translationem
1160 4339 1316 4395 Marcianas
1335 4341 1441 4397 omitto,

217 4429 322 4500 [Robbe
340 4447 367 4500 p.
388 4433 421 4486 10
439 4431 521 4500 sqq.].

268 4519 379 4573 rmrorog.
389 4519 587 4570 samunungun
600 4518 640 4560 111.
1221 4520 1236 4572 6
