3516 5272
1408 491 1450 556 59

229 664 349 757 [semel]
365 667 496 732 Polemo
515 661 635 752 [semel]
650 664 801 737 Seleucus
819 661 939 752 [semel]
949 660 991 746 ⁶⁴)
1009 667 1294 732 suntremotiores.
1311 645 1451 734 'Illorum

228 777 290 843 etsi
312 773 490 858 probabilis
521 777 722 838 tamennon
751 777 839 838 certa
868 777 918 837 est
947 773 1055 838 sedes:
1086 791 1142 838 cur
1171 773 1256 838 enim
1281 791 1345 839 non
1369 774 1451 839 alius

226 885 315 951 velut
338 881 467 947 Diocles
490 917 535 928 --
557 899 632 944 nam
655 884 842 962 quantum
864 879 968 945 Diocli
998 879 1154 946 debeatur
1181 880 1322 946 nondum
1349 880 1452 962 liquet

229 1029 270 1038 -
295 1008 350 1055 eos
374 989 532 1053 antestari
554 987 682 1069 potuit?
727 987 770 1052 Hi
794 987 942 1070 quotiens
967 987 1052 1069 apud
1076 987 1243 1052 Laertium
1266 990 1452 1069 comparent

228 1100 268 1164 ad
291 1098 431 1163 indicum
455 1096 645 1178 scriptorem
670 1095 739 1159 sine
762 1095 955 1159 temeritatis
980 1093 1112 1159 crimine
1135 1093 1250 1158 referri
1274 1098 1449 1176 possunt.

227 1207 350 1271 Vereor
373 1209 490 1284 tamen,
515 1221 556 1267 ne
580 1221 693 1284 parum
717 1202 764 1266 ita
786 1200 1005 1283 proficiamus:
1035 1202 1107 1267 vide
1129 1202 1224 1267 modo
1248 1220 1330 1284 quae
1354 1219 1452 1283 supra

228 1312 489 1396 computavimus.
530 1310 621 1375 Nova
638 1309 853 1392 comperiendi
877 1327 951 1392 spes
967 1313 1024 1374 aut
1041 1307 1217 1388 abicienda,
1243 1313 1299 1374 aut
1316 1308 1452 1373 alteram

228 1419 446 1502 ingrediamur
473 1418 632 1484 rationem
656 1422 794 1498 oportet.
841 1417 994 1498 Aperiam
1022 1417 1167 1498 exemplo
1197 1435 1260 1499 qua
1288 1417 1320 1481 in
1345 1415 1452 1481 condi·

228 1529 318 1592 cione
342 1544 394 1591 res
417 1530 573 1592 versetur.
612 1524 757 1590 Platonis
780 1524 848 1589 vita
864 1525 987 1589 Laertii
1007 1525 1147 1589 omnium
1170 1527 1329 1607 quotquot
1352 1523 1452 1604 scrip·

228 1635 271 1699 sit
285 1652 387 1716 paene
404 1638 453 1697 est
476 1631 669 1697 doctissima.
709 1631 758 1695 De
781 1630 870 1696 fonte
891 1631 955 1714 [vel
979 1631 1135 1715 fontibus]
1159 1632 1312 1713 primario
1329 1630 1453 1695 indubii

227 1741 383 1806 nihildum
401 1737 494 1805 nobis
518 1757 557 1804 ex
580 1739 620 1803 iis
637 1757 719 1821 quae
735 1738 881 1803 adsecuti
897 1757 1005 1803 snmus
1028 1738 1105 1803 licet
1123 1739 1320 1818 concludere,
1342 1756 1452 1820 quam·

227 1849 276 1913 vis
305 1852 339 1912 et
366 1847 462 1911 index
484 1845 654 1910 Platonum
681 1846 724 1910 sit
746 1845 898 1910 Favorini
922 1846 1088 1927 eidemque
1117 1845 1276 1928 fragmina
1298 1845 1452 1910 nonnulla

229 1954 349 2019 diserte
373 1958 429 2018 aut
453 1952 582 2018 addicta
606 1951 671 2017 sint
700 1958 756 2017 aut
779 1952 965 2033 addicenda,
989 1953 1078 2018 velut
1101 1953 1284 2018 Aristoxeni
1307 1953 1452 2017 testimo-

228 2061 324 2126 nium.
365 2060 472 2125 Nihilo
497 2064 603 2124 tamen
620 2059 724 2124 minus
747 2079 810 2124 non
835 2058 1022 2125 audebimus
1041 2059 1138 2124 etiam
1162 2059 1358 2142 Antigonum
1374 2059 1392 2142 ξ
1410 2059 1450 2124 68

228 2167 437 2236 Aristotelem
461 2167 479 2250 ξ
503 2167 544 2230 37
570 2171 630 2231 etc.
660 2166 772 2232 eodem
801 2165 987 2247 transferre,
1018 2167 1169 2249 quoniam
1196 2167 1280 2232 inter
1304 2171 1451 2232 auctores

228 2275 380 2340 Favorini
395 2274 533 2340 usitatos
555 2278 630 2338 sunt
645 2273 843 2338 numerandi.
861 2309 906 2319 -
920 2274 964 2337 At
987 2273 1071 2338 unde
1094 2273 1187 2338 huius
1208 2274 1257 2338 rei
1280 2273 1451 2339 discrimen
1541 2327 1545 2334 .

228 2381 402 2463 petendum
426 2383 497 2448 est?
544 2381 633 2459 Quae
662 2379 703 2444 ad
730 2379 811 2444 illud
838 2386 875 2446 ut
901 2381 1109 2462 perveniatur
1134 2380 1332 2446 extrinsecus
1356 2380 1451 2446 advo·

230 2488 331 2554 canda
353 2492 428 2553 sunt
452 2487 616 2554 subsidia?

319 2595 497 2678 Supersunt
519 2594 784 2678 philosophorum
799 2594 885 2661 vitae
908 2599 1038 2677 praeter
1053 2595 1244 2660 Laertianas
1260 2594 1353 2674 oliae,
1378 2613 1451 2677 par-

229 2703 287 2768 tim
309 2702 546 2784 prolegomenis
569 2702 657 2768 velut
685 2705 718 2768 in
741 2703 941 2768 Platonicam
963 2701 1266 2784 Aristotelicamque
1289 2699 1452 2784 praefixae

227 2809 465 2892 philosophiam
496 2811 563 2876 sive
591 2812 748 2892 insertae,
778 2811 897 2892 partim
928 2828 1072 2874 seorsum
1099 2809 1221 2890 editae,
1253 2809 1390 2892 denique
1418 2810 1452 2874 in

229 2915 347 2982 Suidae
374 2915 497 2981 lexicon
526 2922 686 2999 receptae.
734 2917 896 3000 Excerpta
923 2917 1079 2982 accedunt
1102 2917 1245 2998 pretiosa
1269 2915 1353 2997 apud
1378 2934 1451 2980 con-

228 3023 446 3088 iectaneorum
459 3024 632 3105 scriptores
646 3023 785 3089 Gellium
797 3022 992 3089 Clementem
1004 3023 1174 3105 Apuleium
1182 3022 1374 3088 Numenium
1391 3026 1450 3088 etc.

228 3129 332 3195 Hodie
361 3129 441 3194 hacc
469 3128 670 3195 omniafere
698 3134 953 3196 contemnuntur.
1004 3129 1048 3195 At
1074 3147 1133 3194 nec
1157 3129 1309 3210 pusillum
1339 3135 1390 3196 est
1417 3131 1451 3195 in

229 3241 299 3302 arte
330 3241 443 3303 nostra
478 3237 664 3320 quidquam,
702 3241 735 3301 et
763 3236 805 3300 ad
834 3236 1015 3302 universam
1047 3236 1230 3301 litterarum
1264 3256 1451 3318 graecarum

227 3344 410 3423 historiam,
442 3343 559 3408 nedum
588 3344 629 3408 ad
652 3344 775 3409 Laertii
799 3345 1063 3426 compositionem
1089 3345 1343 3426 pernoscendam
1366 3364 1450 3411 sum-

228 3469 313 3516 mam
337 3450 487 3517 adferumt
508 3451 557 3516 illi
572 3451 760 3517 utilitatem:
784 3452 819 3516 id
842 3452 927 3534 quod
949 3451 1093 3532 habebis,
1117 3470 1189 3516 mea
1213 3453 1240 3517 si
1262 3452 1450 3535 perlegeris.

229 3557 406 3640 Operosam
435 3564 468 3624 et
498 3558 624 3624 deviam
653 3558 733 3624 haec
761 3558 947 3623 desiderant
971 3558 1241 3640 disquisitionem:
1273 3564 1308 3625 at
1331 3561 1359 3625 si
1381 3564 1451 3624 tan-

229 3670 297 3730 tum
320 3665 473 3732 habitura
496 3667 540 3732 sit
564 3685 754 3747 successum,
780 3668 851 3749 quis
875 3665 1094 3731 detrectabit?

668 3860 691 3926 1.
726 3859 767 3927 lle
791 3859 923 3927 Platonis
946 3859 1017 3926 ulla.

609 3981 643 4054 a)
668 3984 713 4039 Ilo
731 3982 859 4054 Apuleio
879 3983 910 4039 ct
928 3983 1066 4040 Laertio.

318 4091 402 4157 Ante
429 4093 594 4158 Laertium
624 4091 664 4156 de
692 4091 828 4156 Platone
856 4092 989 4173 eiusque
1020 4091 1171 4173 dogmate
1198 4092 1292 4157 docte
1322 4094 1452 4175 scripsit

229 4199 384 4281 Apuleius
408 4199 471 4283 [ed.
490 4198 693 4265 Goldbacher
716 4217 746 4280 p,
770 4199 811 4263 63
834 4197 927 4282 sqq.],
953 4216 990 4263 ac
1013 4199 1152 4282 primum
1175 4199 1304 4282 quidem
1322 4200 1362 4265 de
1384 4201 1452 4266 vita

305 4409 343 4482 ⁶⁴)
358 4378 547 4466 ‘Erasistratus
560 4415 588 4464 et
602 4410 783 4481 Theophanes
801 4409 829 4464 in
847 4409 912 4466 vitis
923 4426 1061 4482 uunquam
1074 4410 1228 4468 excitantur
1247 4413 1294 4486 [cf.
1306 4431 1332 4484 p.
1345 4415 1379 4473 45
1393 4383 1460 4488 εᾳ.].”
