3516 5272
330 477 374 542 44

330 653 367 719 δν
388 653 445 739 γῆς
465 649 615 740 περιόδῳ,
639 648 681 726 ὥς
704 653 752 736 εἴη
771 649 1005 736 παραγγέλλων
1026 645 1082 715 δελ
1103 652 1230 732 συνεχὲς
1252 662 1350 719 κινείν
1371 654 1413 718 τά
1435 651 1546 740 ἄρθρα

329 758 417 850 πάση
435 765 598 844 γυμνασίᾳ
620 754 705 823 ἀλλὰ
728 761 784 822 καὶ
805 759 863 833 τάς
884 754 1057 842 αίσθησεις
1078 753 1209 841 δμοίως·

417 865 435 933 ύ
460 868 489 933 δ’
512 863 609 942 αύτός
632 856 879 951 [Apollodorus]
898 879 977 951 φησι
998 863 1054 932 τὸν
1077 865 1211 932 Κνίδιον
1233 864 1380 946 Εὔδοξον
1402 865 1549 952 άκμάσαι

329 973 411 1040 κατὰ
433 976 490 1060 την
512 979 618 1060 τρίτην
639 973 695 1037 καὶ
717 969 891 1058 ἑκατοστὴν
906 969 1115 1057 Ὀλυμπιάδα
1136 971 1238 1060 εύρείν
1265 999 1300 1040 τε
1327 975 1382 1041 καί
1407 974 1448 1040 τά
1476 975 1549 1063 περί

329 1081 387 1158 τάς
407 1078 579 1165 καμπύλας
600 1076 760 1168 γραμμάς.

418 1189 485 1255 Nec
507 1188 682 1254 veracitate
705 1187 828 1252 Laertii
858 1192 984 1254 tantum
1009 1185 1148 1270 confido,
1178 1195 1215 1255 ut
1245 1189 1372 1256 credam
1399 1195 1549 1273 quartum

330 1297 370 1364 ab
398 1298 469 1379 ipso
497 1296 641 1362 additum
672 1313 743 1360 esse
765 1294 931 1361 Eudoxum
960 1293 1142 1362 adfirmanti
1165 1297 1421 1380 quandoquidem
1445 1298 1550 1364 aliena

329 1404 416 1486 sapit
431 1403 577 1469 doctrina
592 1403 760 1485 alienoque
783 1402 905 1468 iudicat
926 1400 1108 1486 iudicio⁴³),
1132 1423 1236 1487 neque
1259 1405 1324 1470 aha
1346 1405 1415 1472 veri
1436 1410 1550 1488 patent

329 1513 430 1594 signa.
470 1511 524 1576 ‘At
538 1511 601 1576 nisi
617 1511 714 1575 trium
729 1510 933 1576 Eudoxorum
950 1509 1151 1593 catalogum,
1167 1511 1302 1594 inquies,
1325 1513 1405 1596 ‘ipse
1421 1514 1549 1580 auxisse

328 1619 496 1703 putabitur
523 1618 685 1699 Laertius,
714 1617 872 1701 quomodo
901 1617 1018 1682 mirum
1044 1618 1124 1683 illud
1151 1623 1263 1685 natum
1291 1625 1356 1701 est,
1389 1621 1474 1703 quod
1507 1621 1550 1687 ad

328 1728 559 1811 Apollodorum
588 1725 864 1808 chronographum
893 1729 1005 1807 aperte
1033 1725 1209 1808 respiciunt
1234 1726 1333 1792 verba
1357 1723 1375 1792 ὁ
1399 1726 1431 1791 δ’
1454 1722 1551 1802 αὖτίς

329 1835 446 1923 ηησινί
490 1835 603 1900 Nonne
627 1833 727 1898 totius
749 1832 864 1897 indicis
888 1832 1044 1924 originem
1065 1831 1146 1897 haec
1169 1833 1319 1914 exprimit
1340 1832 1465 1899 tabula:

417 1943 502 2009 Fons
524 1941 563 2008 A.
588 1942 667 2006 Tres
689 1938 814 2006 Eudoxi
838 1939 923 2023 [cum
945 1938 1184 2022 Apollodori
1205 1939 1414 2024 testimonio]⁸

417 2051 501 2116 Fons
524 2051 561 2116 Β.
586 2049 725 2128 Quartus
747 2046 908 2113 Eudoxus.
963 2132 966 2140 ,

416 2159 501 2224 Fons
524 2157 562 2223 Α.
587 2154 605 2221 ὁ
627 2155 656 2220 δ
682 2149 778 2228 αὐτός
801 2175 898 2240 φησιν
920 2154 1002 2238 [scil.
1026 2152 1318 2237 Apollodorus}

419 2264 570 2348 Speciosa
602 2281 655 2329 res
690 2281 882 2345 quamquam
915 2263 949 2327 in
983 2261 1192 2344 compilatore
1226 2260 1456 2344 improbabilis.
1511 2263 1550 2330 Id

329 2373 415 2457 quod
440 2391 504 2438 non
527 2370 748 2438 ratiocinando
772 2369 830 2434 sed
857 2387 893 2433 re
916 2369 989 2450 ipsa
1012 2367 1227 2435 confirmatur.
1273 2368 1429 2452 Exempla
1450 2370 1550 2452 igitur

330 2484 405 2545 sunt
426 2478 666 2561 perlustranda:
682 2477 755 2542 179
772 2479 883 2560 γέγονε
898 2473 934 2538 δὲ
956 2474 1011 2539 καὶ
1031 2479 1134 2561 ίτερος
1148 2481 1184 2540 11
1187 2473 1345 2552 ιττακὸς
1359 2481 1550 2563 νομοθέτης,

330 2583 372 2662 ὥς
399 2603 476 2673 φησι
505 2587 732 2671 Φαβωρῖνος
759 2583 796 2650 ἐν
823 2579 1165 2669 ἀπομνημονευμάτων
1192 2585 1225 2646 α’
1248 2582 1303 2648 καί
1329 2576 1552 2672 Δημήτριος

330 2693 367 2761 ἐν
393 2691 586 2777 ύμωνύμοις·
617 2692 657 2768 ὃς
680 2691 761 2777 [scil.
786 2691 930 2757 Pittacus
955 2690 1051 2775 alter]
1080 2696 1134 2754 καὶ
1156 2687 1265 2776 μικρὸς
1290 2690 1547 2778 προσηγορεύθη.

329 2802 378 2868 ΙΠ
400 2804 443 2867 40
465 2800 519 2864 καὶ
540 2797 687 2867 ἐτελεύτα
710 2796 875 2884 [Πλάτων]
897 2801 959 2882 μὲν
980 2796 1019 2864 δν
1041 2800 1176 2882 εἴπομεν
1203 2793 1328 2885 τρόπον
1351 2799 1550 2866 Φιλίππου

329 2908 554 2993 βασιλεύοντος
576 2906 646 2998 ἔτος
668 2907 936 2995 τριςκαιδέκατον,
967 2903 1061 2970 καθά
1084 2905 1138 2970 καί
1160 2905 1392 2993 Φαβωρίνδς
1414 2923 1490 2994 φησι
1514 2907 1551 2973 δν

330 3013 668 3103 ἀπομνημονευμάτων
702 3013 744 3097 γ’,
775 3014 836 3102 ὑφ’
870 3010 915 3080 οὗ
950 3013 1004 3080 καὶ
1044 3013 1277 3101 ἐπιτιμηθῆναί
1314 3029 1414 3101 φησιν
1453 3010 1550 3082 αύτδν

331 3122 527 3208 Θεόπομπος
550 3124 630 3208 [scil.
656 3143 675 3190 a
698 3123 857 3208 Phihppo‚
881 3143 945 3192 non
969 3141 988 3190 a
1010 3121 1183 3206 Favorino]
1208 3126 1267 3189 etc.

827 3320 963 3386 .1v.

420 3464 617 3548 componere
639 3464 747 3546 placet
769 3481 851 3546 quae
874 3483 914 3530 ex
936 3463 1015 3546 ipsis
1044 3459 1307 3546 homonymorum
1330 3464 1485 3548 catalogis
1508 3467 1550 3532 ad

331 3579 453 3641 certum
474 3571 728 3655 recuperandum
750 3577 913 3638 auctorem
936 3575 1110 3653 suppetant
1131 3571 1292 3636 indicia.

419 3700 447 3748 a.
472 3680 546 3746 Dixi
568 3698 644 3745 non
665 3680 876 3745 litteratos
899 3682 1051 3744 tantum
1073 3678 1218 3744 homines
1241 3679 1410 3745 recenseri.

417 3788 447 3854 b.
475 3787 609 3853 ‘ludices
637 3805 677 3852 ex
699 3786 918 3868 copiosissimo
942 3787 1079 3870 quodam
1107 3786 1321 3870 biographo
1344 3805 1419 3876 non
1441 3789 1549 3856 modo

330 3894 655 3979 philosophorum
689 3894 746 3960 sed
782 3895 879 3960 etiam
913 3900 1092 3962 ceterorum
1130 3900 1289 3980 quotquot
1322 3901 1549 3964 enumerantur

400 4072 439 4143 4³)
457 4073 540 4128 Velut
558 4072 631 4141 quod
650 4071 718 4126 dicit
736 4071 778 4126 III
796 4075 831 4130 48
850 4074 924 4130 δοκεῖ
946 4075 976 4128 δέ
993 4094 1043 4145 μοι
1059 4071 1172 4130 Πλάτων
1189 4072 1340 4144 ἀκριβώσας
1357 4071 1387 4128 τὸ
1410 4075 1482 4136 εἶδος
1502 4077 1550 4131 καί

330 4163 363 4218 τὰ
382 4168 497 4234 πρωτεῖα
516 4164 627 4225 δικαίως
647 4157 683 4216 ἂν
701 4160 791 4235 ὥσπερ
809 4161 856 4217 τού
873 4161 985 4224 κάλλους
1004 4158 1071 4216 οὕτω
1088 4162 1135 4216 καὶ
1157 4162 1200 4228 τῆς
1223 4160 1347 4234 εύρέσεως
1363 4163 1550 4235 ἀποφέρεσθαι

332 4259 488 4323 comparata
499 4251 646 4322 Porphyrii
660 4253 716 4307 uita
729 4251 776 4324 [cf.
788 4269 815 4322 p.
827 4254 869 4308 73.
883 4251 928 4323 77]
942 4251 977 4306 nd
987 4250 1091 4307 Laertii
1104 4256 1244 4306 auctorem
1256 4253 1391 4308 revocavi.
1414 4252 1454 4307 01⁴.
1467 4255 1549 4310 etiam

330 4357 357 4411 p.
377 4344 411 4400 73
432 4342 479 4412 [δε
503 4341 705 4411 epigrammatis
727 4357 744 4398 a
761 4341 873 4397 Laertio
897 4341 926 4395 in
943 4340 1085 4398 Platonem
1109 4339 1202 4412 tactis]
1225 4345 1254 4396 et
1273 4350 1300 4412 p.
1319 4345 1352 4398 47
1374 4342 1421 4412 [de
1439 4343 1549 4401 iudiciis

331 4445 402 4500 quae
419 4430 512 4486 insunt
530 4431 559 4486 in
576 4431 712 4488 indicibus
729 4431 972 4503 homonymorum}
