3516 5272
309 503 350 571 78

308 684 336 748 si
360 683 488 765 quidem
505 681 628 748 Gellius
644 681 719 748 XIV
735 681 754 747 3
779 681 853 747 inda
870 699 904 746 se
920 681 1067 748 hausisse
1083 679 1220 748 fatetur:
1248 678 1332 766 Qui
1343 679 1386 746 de
1404 681 1532 748 Xeno·

303 789 474 875 pbontis
497 789 766 876 Platonisque
789 787 876 853 uita
899 793 936 853 et
956 785 1140 854 moribus
1155 789 1317 875 pleraque
1331 787 1445 854 omnia
1467 809 1533 853 ex-

308 895 582 982 quisitissime
596 897 812 983 scripsere,
830 919 898 960 non
914 895 1044 982 afuisse
1059 895 1099 959 ab
1109 895 1158 960 eis
1169 897 1443 981 motusquosdam
1454 895 1533 960 taci-

308 1010 357 1068 tos
368 1004 544 1069 etoccultos
554 1003 739 1070 simultatis
750 1001 1049 1088 aemulationisque
1059 1008 1199 1068 mutuae
1203 1002 1535 1089 putaveruuteteius

310 1107 364 1172 rei
375 1115 577 1194 argumento
591 1111 753 1195 quaedam
768 1109 965 1174 coniectaria
981 1129 1025 1174 ex
1038 1131 1154 1174 eorum
1166 1108 1300 1195 scriptis
1306 1109 1534 1194 protulerunt.

399 1218 540 1281 Primum
565 1223 636 1282 crat
660 1219 745 1298 quod
769 1219 854 1299 apud
878 1219 1044 1282 Laertium
1072 1222 1236 1299 quinum:
1270 1216 1370 1302 ‘quod
1388 1234 1535 1301 nequeo

310 1324 451 1388 Platone
480 1323 519 1388 in
547 1330 595 1389 tot
622 1346 762 1389 numero
790 1315 888 1389 libris
915 1322 1038 1390 mentio
1067 1345 1217 1409 unquam
1228 1324 1330 1409 facta
1358 1321 1406 1387 sit
1425 1325 1536 1387 Xeno·

307 1429 445 1518 phontis
467 1453 571 1516 neque
593 1430 670 1496 item
693 1437 809 1496 contra
836 1432 875 1495 ab
897 1453 932 1496 eo
955 1430 995 1495 in
1017 1430 1091 1496 suis
1111 1430 1210 1496 libris
1231 1428 1396 1502 Platonis,
1421 1451 1536 1516 quam·

310 1561 411 1622 qnam
436 1544 574 1624 uterque
596 1561 635 1602 ac
657 1537 806 1602 maxime
821 1538 919 1602 Plato
935 1537 1159 1624 complurium
1177 1535 1325 1606 Socratis
1340 1541 1536 1601 sectatorum

312 1643 352 1708 in
374 1644 580 1710 sermonibus
602 1667 683 1730 quos
704 1644 841 1732 scripsit
861 1644 1130 1710 commeminerit.

417 1752 460 1816 Id
479 1749 579 1815 ctiam
602 1772 669 1815 esse
691 1773 759 1815 non
781 1749 929 1815 sincerae
956 1773 1060 1836 neque
1085 1748 1210 1816 amicae
1235 1750 1419 1818 uoluntatis
1447 1750 1538 1816 endi·

213 1879 217 1888 ·
313 1856 403 1921 cium
431 1857 660 1930 credederunt,
691 1859 781 1944 quod
806 1859 990 1945 Xenophon
1020 1857 1133 1923 i'nolito
1161 1857 1220 1924 illi
1244 1859 1340 1944 operi
1366 1859 1535 1932 Platonos,

311 1965 402 2050 quod
424 1965 473 2028 ‘de
495 1963 615 2050 optimo
638 1970 727 2028 statu
751 1965 948 2052 reipublicae
970 1964 1268 2054 administrandae
1295 1964 1536 2050 scriptumest,
1564 1965 1566 1968 ’

312 2069 403 2134 lectis
425 2092 469 2134 ex
495 2091 530 2134 eo
560 2071 687 2135 duobus
701 2071 785 2156 fere
815 2071 922 2146 libris,
948 2071 1012 2158 qui
1029 2070 1144 2158 primi
1164 2071 1203 2137 in
1225 2071 1344 2157 uolgus
1366 2069 1535 2144 exierunt,

312 2175 465 2262 opposuit
484 2181 599 2241 contra
622 2177 878 2263 conscripsitque
903 2177 1074 2243 diuersum
1090 2176 1210 2264 regiae
1231 2175 1540 2244 administrationis

309 2303 423 2367 genus
445 2283 536 2366 qnod
555 2282 703 2356 παιδείας
718 2282 831 2369 Κύρου
854 2283 1055 2370 inscriptum
1070 2290 1141 2350 est'.
1180 2285 1251 2350 Hoc
1272 2285 1358 2366 apud
1374 2284 1538 2349 Laenium

314 2388 451 2453 alterum
476 2394 527 2454 est
551 2395 784 2470 argumentum.

407 2497 468 2558 ‘Eo
490 2496 589 2581 facto
615 2493 801 2580 scriptoque
827 2495 902 2560 eins
931 2515 1035 2581 usque
1062 2502 1251 2582 permotum
1274 2516 1341 2560 esse
1366 2496 1540 2560 Platonem

312 2601 441 2674 terunt,
468 2608 509 2666 ut
528 2603 670 2688 quodam
700 2600 738 2665 in
761 2601 845 2666 libro
873 2600 1038 2666 mentione
1062 2600 1146 2687 Cyri
1171 2600 1264 2687 regis
1285 2600 1396 2668 liabi'ta
1420 2606 1540 2666 retrac-

314 2707 415 2772 tandi
427 2707 624 2794 levandique
638 2706 713 2772 eius
727 2707 836 2796 operis
853 2708 973 2792 gratia
989 2707 1105 2773 uerum
1122 2707 1255 2793 quidam
1265 2697 1398 2794 'Cyrum
1413 2727 1540 2772 imaum

314 2819 346 2878 et
365 2820 542 2880 strenuum
553 2814 672 2900 fuisse
693 2814 824 2880 dixerit
844 2817 999 2890 παιδείας
1022 2815 1058 2879 δὲ
1081 2811 1138 2882 οὐκ
1161 2813 1272 2901 ὀρθῶς
1286 2810 1399 2901 ἧφθαι
1423 2817 1459 2880 τό
1478 2834 1539 2878 πα·

315 2921 436 3005 ράιιαν’
467 2922 518 3005 [cf.
544 2923 651 3003 legum
674 2923 722 2987 HI
746 2925 810 2987 694
827 2922 875 3006 C].
901 2923 1025 2987 Laertii
1047 2923 1189 2988 tercium.

409 3029 597 3094 ‘Praeterea
624 3035 750 3114 putant
781 3028 821 3093 id
844 3050 971 3114 quoque
999 3030 1047 3094 ad
1071 3027 1136 3092 ista
1162 3049 1248 3112 quae
1274 3026 1356 3093 diui
1382 3027 1539 3100 accedere,

316 3136 407 3220 quod
418 3137 603 3220 Xenophon
627 3135 665 3200 in
681 3134 778 3200 libris
800 3158 882 3222 quos
897 3135 1071 3200 ‘dictorum
1093 3139 1191 3220 atque
1201 3135 1379 3219 factorum
1395 3132 1542 3202 Socratis

318 3239 578 3306 commentarios'
594 3241 784 3327 composuit,
810 3247 913 3328 negat
926 3242 1092 3310 Socratem
1115 3242 1155 3304 dc
1176 3239 1260 3305 coeli
1278 3246 1376 3326 atquc
1398 3246 1542 3305 naturae

316 3347 428 3412 causis
463 3347 713 3434 rationibusque
748 3370 899 3434 unquam
933 3345 1164 3435 disputavisse,
1200 3369 1238 3411 ac
1269 3368 1311 3412 ne
1344 3345 1542 3432 disciplinas

318 3452 452 3539 quidem
474 3459 594 3519 ceteras
616 3477 701 3541 quae
722 3455 907 3540 μαθήματα
934 3452 1058 3520 Graeci
1077 3452 1260 3540 appellant,
1290 3475 1374 3539 quae
1401 3455 1449 3518 od
1468 3453 1543 3518 bene

318 3562 465 3646 beateque
487 3560 666 3627 uiuendum
690 3584 758 3626 non
775 3568 964 3646 pergerent,
989 3566 1052 3625 aut
1070 3557 1222 3645 attigisse
1236 3567 1299 3625 aut
1312 3561 1539 3647 comprobasse,

320 3664 505 3752 idcircoque
535 3667 682 3754 turpiter
708 3691 761 3732 eos
788 3668 930 3733 mentiri
954 3666 1049 3742 dicit,
1079 3664 1144 3752 qui
1167 3664 1415 3732 dissertationes
1443 3664 1544 3730 estius

320 3771 414 3838 modi
438 3774 571 3842 Socrati
594 3775 820 3840 attribuerent.
871 3777 954 3840 ‘Hoc
980 3778 1112 3846 outem',
1143 3771 1320 3860 inquiunt,
1349 3773 1542 3857 ‘Xenophon

319 3902 394 3944 cum
417 3880 560 3966 scripsit,
586 3883 759 3947 Platonem
788 3881 938 3947 videlicet
963 3886 1064 3954 notat,
1090 3878 1129 3944 iu
1151 3877 1251 3944 cuins
1276 3876 1374 3943 libris
1395 3879 1544 3948 Socrates

315 3987 454 4074 physica
476 3995 509 4054 et
528 3988 656 4054 musica
679 3996 711 4054 ct
726 3989 926 4076 geometrico
949 3989 1109 4055 di'sserit'.
1154 3989 1225 4054 Hoc
1242 4023 1283 4034 -
1302 4006 1366 4052 non
1390 3992 1442 4052 sat
1463 3986 1543 4053 vali-

322 4095 396 4160 dum
420 4135 464 4144 —
488 4117 507 4162 a
530 4099 661 4163 Laertio
685 4098 854 4163 omittitur.

412 4205 460 4269 Ab
485 4205 698 4271 accusationis
721 4205 893 4270 munientis
917 4203 958 4268 ad
974 4203 1192 4268 defensionem
1216 4219 1251 4266 sa
1268 4200 1392 4266 confert
1408 4199 1542 4265 Gellius,

322 4310 495 4382 Praeteu'it
518 4313 618 4393 igitur
642 4309 731 4398 [nam
754 4312 794 4379 dc
810 4317 942 4377 auctora
966 4310 1124 4376 communi
1148 4307 1353 4390 cogitandum
1370 4303 1433 4394 est]
1458 4308 1543 4390 quod

324 4420 408 4499 apud
432 4419 596 4484 Laertiusn
620 4425 671 4483 est
693 4419 831 4500 primum
855 4420 894 4483 dc
911 4416 1038 4499 aequali
1065 4416 1220 4482 librorum
1243 4415 1380 4479 niarasis
1402 4414 1543 4479 amnium
