3506 5272
1427 423 1489 483 117

263 596 444 661 nominibus
479 594 636 658 similibus
676 595 739 658 iam
780 594 959 675 antiquitus
997 613 1068 659 esse
1105 594 1370 680 vacillatumffllyz
1410 597 1490 662 talia

262 705 364 786 igitur
393 706 583 785 argumenta
613 703 646 766 iu
675 707 823 766 neutram
851 706 978 784 partem
1002 701 1083 785 lieet
1105 702 1258 767 adhihere
1268 700 1331 787 121).
1378 703 1490 786 Neque

264 830 344 893 opus
374 815 424 875 est
451 809 531 890 illis,
564 810 591 874 si
621 804 749 891 quidem
778 813 928 890 prostant
957 809 1021 873 alia
1051 813 1084 873 et
1113 809 1262 890 graviora
1290 810 1377 874 velut
1401 809 1487 874 Suid.

263 939 287 984 S.
306 939 334 984 v.
354 915 577 1000 Θεόφραστος·
602 912 758 979 Μελάντα
781 921 930 998 κναφέως
953 914 988 981 oi
1012 909 1053 978 da*
1068 920 1241 989 Λέοντος
1265 910 1488 1003 dedignanda

264 1044 288 1089 S.
314 1045 342 1090 v.
360 1019 577 1108 Ἐπιμενίδης·
624 1023 769 1086 Φαίστου
804 1017 824 1106 ἢ
854 1020 1021 1086 Δοσιοὶδου
1053 1021 1302 1108 η”Λνιασάρχου
1333 1021 1401 1097 υἲὸς
1424 1028 1489 1088 καὶ

263 1129 408 1216 μητρὸς
433 1128 631 1200 Βλάοτας.
657 1147 681 1192 e.
707 1148 736 1194 v.
755 1128 886 1192 Θεανώ·
911 1127 1088 1215 θυγάτηρ
1111 1131 1183 1214 μὲν
1206 1128 1488 1206 Πυθώνακτος.

354 1236 432 1301 Cum
467 1255 549 1316 quae
584 1235 753 1300 latioribus
788 1235 874 1317 typis
909 1237 1019 1301 notavi
1053 1236 1159 1302 desint
1194 1238 1279 1319 apud
1313 1239 1487 1320 Laertium,

264 1343 392 1409 aliunde
420 1348 513 1425 patet
542 1344 689 1409 hausisse
717 1343 920 1426 Hesychium.
976 1344 1059 1421 Quid
1087 1349 1200 1409 contra
1228 1344 1398 1410 Flaehius?
1443 1345 1489 1411 Ut

262 1454 349 1517 locos
374 1449 525 1531 auferret,
552 1455 585 1514 et
609 1451 824 1533 conjecturam
849 1449 1007 1515 commisit
1035 1449 1105 1514 τοῦ
1128 1454 1271 1522 Λέοντος
1294 1471 1353 1533 pro
1382 1449 1420 1515 oi
1442 1449 1489 1515 δὲ

264 1564 306 1624 Λ.
332 1562 365 1623 et
389 1559 622 1640 opinationem:
658 1555 757 1622 fuisse
781 1557 931 1622 videlieet
947 1555 1111 1621 Laertium
1134 1557 1321 1638 pleniorem.
1362 1558 1426 1624 Sed
1448 1577 1489 1622 ne

262 1666 412 1731 Haohius
437 1667 565 1749 quidem
589 1666 695 1729 omnia
719 1683 801 1747 quae
824 1663 1003 1746 Hesychius
1027 1669 1157 1745 praeter
1180 1664 1354 1730 Laertiana
1377 1671 1489 1731 nostra

262 1774 361 1839 habet
385 1775 426 1839 ad
448 1774 625 1856 pleniorem
650 1771 750 1837 refert
772 1771 952 1852 Laertium,
978 1771 1034 1835 sed
1058 1771 1209 1853 opinatur
1231 1772 1426 1854 Hesychium
1450 1792 1489 1836 ex

149 1911 153 1920 ⁴
263 1883 366 1949 altero
390 1883 587 1964 prompsisse
611 1879 805 1962 biographo,
830 1879 915 1961 quod
938 1897 996 1942 nee
1018 1877 1150 1959 probari
1174 1883 1339 1959 potestat
1363 1880 1488 1945 conclu-

264 1990 401 2054 dendum
441 1981 527 2054 esset
564 1989 663 2053 istum
701 1987 845 2069 quisquis
883 1983 944 2050 fuit
983 1985 1179 2050 simillimum
1212 1983 1354 2050 futurum
1388 1985 1488 2052 fuisse

262 2096 440 2179 biographo
465 2096 638 2161 Laertiano
663 2114 700 2159 ac
723 2112 825 2176 paene
850 2093 1030 2175 gemellum.

353 2206 383 2268 3.
407 2203 588 2283 Immerito,
618 2202 703 2284 quod
727 2200 880 2266 articulos
905 2201 1059 2283 quosdam
1084 2199 1293 2266 Nietzseheus
1317 2201 1490 2284 adscripsit

264 2310 424 2392 Hesychia
443 2314 475 2374 et
491 2329 554 2374 non
570 2309 712 2389 Laertio,
729 2329 760 2390 p.
780 2309 820 2372 52
838 2308 1034 2389 vituperavit
1049 2306 1207 2374 Flachius.
1244 2308 1341 2373 Velut
1357 2307 1488 2374 Suidam

263 2439 287 2484 s.
305 2441 333 2486 v.
351 2416 478 2505 Κράτης
494 2423 527 2483 et
551 2436 575 2482 s.
589 2438 617 2483 v.
635 2412 840 2502 Πυθαγόρας
856 2434 958 2496 paene
976 2416 1105 2480 omnia
1121 2435 1160 2480 ex
1176 2416 1307 2482 Laertio
1324 2418 1487 2484 derivasse

262 2525 348 2591 illius
381 2531 430 2590 est
458 2525 575 2607 opinio.
623 2524 660 2588 Id
689 2523 716 2586 si
745 2522 844 2586 semel
875 2520 994 2587 factum
1024 2528 1074 2587 est
1103 2541 1166 2605 qua
1195 2523 1329 2589 audacia
1358 2526 1487 2607 saepius

261 2633 406 2714 potuisse
429 2631 500 2697 fieri
524 2629 738 2712 negabimus?
784 2628 959 2694 Audiamus
975 2630 1154 2694 Flachium:
1186 2631 1339 2695 ‘Eudocia
1362 2632 1395 2695 in
1411 2632 1486 2697 Vio-

261 2739 343 2803 lario
368 2757 392 2802 s.
418 2759 446 2802 v.
471 2741 642 2819 postquam
667 2735 797 2816 scripsit
815 2735 939 2821 Κράτης
955 2732 1122 2801 ’Andeda
1138 2738 1282 2824 Θηβαῖος
1307 2734 1487 2822 φιλόσοφος

261 2841 384 2916 κυνικὸς
419 2843 569 2929 μαθητὴς
601 2845 775 2923 Διογένους
809 2840 865 2905 καὶ
902 2843 1070 2928 Βρύσωνος
1106 2843 1164 2908 τοῦ
1184 2839 1321 2925 Ἀχαιοῦ
1357 2845 1485 2910 deserto

260 2951 412 3034 Hesychii
446 2951 549 3015 lexico
587 2968 625 3013 ex
660 2947 790 3014 scholiis
825 2949 858 3014 in
895 2949 1086 3031 Gregorium
1121 2949 1197 3014 Nax.
1235 2949 1394 3032 [Nonnl
1428 2951 1484 3036 28]

144 3063 146 3074 '
260 3058 463 3124 historiolam
497 3057 657 3140 quandam
681 3056 798 3121 adsuit.
845 3056 1113 3138 Etmirumest,
1138 3058 1344 3140 quodetiam
1369 3058 1484 3124 Suidas

259 3167 334 3231 inde
354 3166 394 3231 ab
409 3163 545 3246 Ἀχαιοῦ
569 3164 684 3248 [usque
708 3182 745 3227 eo
777 3163 861 3227 enim
890 3164 1019 3245 egregie
1044 3182 1114 3227 curn
1137 3163 1280 3230 Eudocia
1309 3165 1483 3250 consentit]

260 3272 300 3336 ab
324 3273 484 3354 Hesychia
512 3273 630 3336 transit
661 3271 701 3335 ad
725 3270 890 3336 Laertium
914 3270 959 3334 VI
983 3272 1039 3351 87,
1071 3275 1108 3336 ut
1136 3271 1269 3336 eandem
1297 3291 1392 3354 quarn
1420 3273 1483 3338 Eu-

260 3380 352 3444 doeia
382 3399 421 3443 ex
450 3378 579 3445 scholiis
607 3380 640 3443 in
665 3379 856 3460 Gregorium
881 3397 900 3441 a
923 3377 1052 3442 Laertio
1081 3377 1240 3442 adsciscat
1270 3378 1481 3444 historiolam.

260 3485 417 3551 Secuntur
441 3485 505 3550 alia
521 3491 672 3568 excerpta
688 3485 816 3551 abunde
834 3485 1046 3568 adglutinata‚
1071 3485 1167 3567 idque
1183 3485 1314 3550 Flachio
1331 3487 1483 3568 adparuit

259 3611 298 3656 ex
326 3593 549 3673 pronominum
578 3589 613 3665 ὅς
644 3598 678 3658 et
706 3588 797 3665 οὗτος
824 3611 893 3658 usu.
945 3592 1014 3656 Iam
1041 3611 1117 3662 vero
1146 3593 1174 3656 si
1209 3594 1383 3658 communis
1418 3595 1482 3658 ista

258 3699 500 3763 narratiuncula
543 3698 628 3779 apud
666 3699 861 3782 Hesychium
907 3699 1084 3780 extitisset,
1136 3716 1191 3764 eur
1237 3698 1277 3763 ab
1321 3701 1480 3782 Hesychia

330 3907 380 3978 ¹2⁰)
397 3909 489 3964 Unum
516 3926 604 3978 nuper
630 3909 766 3979 protraxit
794 3909 972 3980 Kielslingius
1002 3909 1139 3980 [analecta
1162 3909 1316 3964 Catulliana
1342 3911 1479 3988 Gryphiae

260 4000 327 4053 1877
346 4014 372 4067 p.
393 4000 408 4052 7
427 3998 464 4068 n.]
491 4013 524 4052 ex
542 3998 695 4068 Porphyrio
721 4001 792 4071 [περὶ
817 4001 870 4054 τῶν
892 4003 1147 4072 παραλελειμμένων
1171 4000 1204 4070 τῷ
1225 4001 1314 4070 ποιητῇ
1332 3997 1478 4072 ὀνομάτων.

258 4086 298 4140 ef.
321 4085 485 4140 Eustathius
509 4087 541 4141 ad
567 4087 589 4140 B
612 4089 662 4142 701
688 4105 713 4158 p.
734 4079 789 4144 x325
809 4091 871 4159 sq.].
908 4089 1000 4144 Laert.
1025 4088 1064 4142 IV
1088 4091 1122 4144 28
1144 4087 1312 4158 Ἀρκεσίλαος
1335 4089 1440 4144 Σεύθου
1464 4088 1479 4158 ἢ

257 4177 404 4243 Σκύθου,
428 4172 464 4237 ὥς
478 4174 676 4248 Ἀπολλόδωρος
693 4181 745 4231 ml.
764 4177 874 4246 Σκύθου
893 4177 993 4231 iniuria
1016 4175 1178 4252 expunxisse
1198 4174 1330 4232 Gabatum
1350 4181 1476 4237 ostendit.

326 4264 380 4334 22¹)
398 4265 439 4318 De
452 4265 596 4333 Agathone
609 4266 772 4323 Xenocratis
790 4274 869 4336 patre
882 4283 928 4322 res
942 4267 1003 4337 alia,
1023 4266 1088 4336 quia
1102 4265 1228 4339 Ἀγάθων
1246 4266 1478 4337 hypocoristicum

257 4359 299 4411 est
315 4354 418 4413 iormae
433 4353 604 4426 Ἀγαθυὶνωρ.
