3506 5272
272 401 335 464 118

270 577 445 644 Eudociam
469 577 510 640 ad
540 574 662 640 scholia
692 593 727 639 se
752 592 978 640 conversurum
1001 572 1124 639 fuisse?
1171 573 1204 638 Si
1234 579 1341 639 autem
1367 574 1497 646 suidam

270 683 509 765 exscripsisset,
540 700 578 746 ex
603 681 701 746 Suida
724 681 900 746 Eudociam
928 678 1008 744 illud
1032 699 1158 762 quoque
1186 679 1286 746 finisse
1308 680 1497 747 hausturum

269 789 450 872 exploravit
483 789 566 854 mira
600 787 724 852 Flachii
757 788 931 870 sagacitas:
969 787 1082 852 deerat
1116 787 1216 868 igitur
1256 788 1290 853 in
1325 787 1495 870 Hesychio.

267 897 414 979 Denique
445 895 497 962 vel
530 879 637 962 verbis
672 895 882 981 ἐξαργυρίσας
911 891 973 977 τὴν
1007 893 1121 960 οὐσίαν
1152 895 1269 960 Suidae
1305 900 1338 960 et
1365 895 1496 961 Laertio

271 1002 490 1068 communibus
505 1001 637 1069 Flachio
661 1000 785 1066 arbitro
809 1001 1036 1083 comprobatur
1083 1001 1214 1066 Suidam
1237 1003 1435 1084 prompsisse
1459 985 1497 1066 err

273 1109 413 1176 Laertio.

180 1222 188 1240 ¹
358 1216 396 1280 In
426 1213 486 1278 hac
515 1232 659 1279 errorum
689 1213 781 1295 quasi
808 1215 928 1295 palude
958 1219 995 1279 ut
1029 1214 1169 1280 lubricos
1197 1215 1353 1296 quosdam
1387 1215 1498 1279 statim

268 1322 473 1403 designemus
501 1320 589 1385 locos
612 1321 722 1402 itaque
746 1325 962 1402 comparatos,
996 1325 1033 1385 ut
1059 1320 1135 1385 inde
1162 1321 1203 1386 ad
1226 1339 1359 1402 prorsus
1382 1319 1498 1386 falsum

270 1428 448 1510 disputatio
472 1431 543 1492 tota
567 1427 694 1492 eveniat
717 1425 826 1491 finem:
851 1427 1027 1493 Eudociam
1051 1447 1142 1494 usam
1167 1446 1238 1494 esse
1253 1427 1414 1510 Hesychia
1439 1447 1497 1492 nec

268 1536 525 1602 demonstratum
550 1539 600 1598 est
623 1553 643 1598 a
666 1533 796 1599 Flachio
821 1552 924 1615 neque
948 1539 1057 1614 potest
1081 1534 1305 1598 demonstrari.

358 1641 466 1706 Etiam
495 1640 623 1705 edoceri
651 1639 781 1720 vellem,
817 1640 902 1705 unde
931 1638 1081 1705 Flacths
1112 1641 1194 1705 sciat
1223 1640 1434 1705 Eudociam
1465 1641 1497 1704 si

268 1749 379 1813 illam
406 1747 660 1814 historiolam
688 1747 862 1828 legisset
890 1747 928 1811 in
957 1747 1080 1812 Suida
1109 1767 1153 1812 ex
1189 1767 1233 1814 eo
1267 1748 1497 1814 hausturam

268 1855 395 1922 fuisse
419 1860 460 1920 et
482 1874 556 1920 non
580 1873 625 1919 ex
649 1852 814 1920 scholiis
843 1855 881 1918 iu
905 1852 1163 1936 Gregorium?
1208 1856 1318 1921 Donec
1342 1855 1498 1920 eiusmodi
1611 1920 1614 1926 ,

270 1962 496 2044 compilatores
520 1966 615 2027 erunt
637 1961 671 2026 in
694 1961 806 2042 terriS,
837 1980 947 2026 eorum
970 1960 1135 2026 libidinem
1160 1962 1202 2026 ad
1224 1961 1305 2027 fixas
1329 1967 1498 2045 certasque

269 2069 357 2151 leges
382 2088 474 2134 nemo
499 2088 540 2134 ue
562 2067 714 2133 Flachius
738 2069 868 2150 quidem
891 2069 1020 2150 exigere
1043 2068 1173 2150 poterit.

359 2176 439 2240 Tum
463 2157 549 2258 quod
564 2175 687 2240 Laertii
711 2179 744 2239 et
766 2174 883 2240 Suidae
907 2176 941 2239 in
964 2174 1062 2240 verbo
1086 2171 1299 2262 ἐξαργυρίσας
1325 2195 1497 2241 consensus

268 2283 462 2366 pendentem
485 2282 525 2348 ab
550 2281 681 2346 Laertio
705 2280 837 2346 Suidam
859 2281 990 2348 Flachio
1014 2287 1195 2368 monstrare
1223 2282 1366 2362 videtur,
1395 2301 1497 2365 paene

270 2389 468 2454 incredibile.
516 2388 637 2454 Audire
661 2387 740 2453 mihi
762 2388 874 2455 videor
901 2389 1063 2454 hominem
1087 2390 1122 2454 iu
1146 2389 1356 2454 examinando
1381 2391 1498 2471 compi-

269 2495 409 2560 latorum
433 2513 530 2577 grege
554 2513 595 2559 ne
618 2496 782 2561 tantillum
806 2497 935 2578 quidem
951 2497 1130 2568 versatum!
1171 2497 1317 2578 Denique
1341 2497 1498 2579 composi-

270 2603 391 2668 tionem
415 2602 543 2667 articuli
566 2603 699 2668 Suidaui
723 2623 761 2668 ex
784 2622 845 2668 usu
867 2603 1094 2670 vocabulorum
1119 2599 1154 2678 ὅς
1178 2608 1211 2667 et
1235 2597 1495 2676 allucinatur.

270 2709 407 2776 Evolvat
426 2710 606 2775 Laertinm:
632 2710 755 2776 videbit
777 2711 868 2775 illum
892 2711 1107 2776 conectendas
1132 2710 1287 2775 orationis
1310 2729 1432 2776 morem
1455 2748 1498 2755 —
1603 2719 1607 2722 ’

271 2836 331 2898 per
359 2836 395 2882 se
426 2822 676 2884 consentaneum
704 2855 748 2864 -
776 2818 906 2884 Laertio
939 2837 1010 2885 esse
1038 2815 1359 2901 usitatissimum¹²²).
1410 2817 1498 2882 Haec

271 2989 485 3000 ——

344 3081 395 3151 ¹²²)
414 3080 476 3136 Non
494 3081 609 3140 meliora
627 3089 691 3136 sunt
710 3088 804 3138 cetera
816 3083 931 3151 machil,
951 3083 975 3138 si
993 3083 1035 3138 dis
1047 3083 1146 3153 placet,
1166 3089 1331 3150 argumenta
1351 3099 1377 3151 p.
1397 3085 1431 3140 55
1451 3085 1498 3139 ‘Es

273 3172 387 3240 hegiunt
410 3170 455 3226 hei
477 3170 603 3226 Eudocia
628 3187 649 3226 s.
670 3189 695 3225 v.
716 3173 929 3244 Ἀναξίμανδρος
954 3172 1026 3228 nach
1049 3171 1142 3228 Θάλεω
1166 3171 1227 3225 eine
1251 3171 1427 3240 compilation
1449 3190 1499 3228 aus

273 3262 364 3316 Laert.
384 3260 412 3313 II
433 3263 455 3314 1.
493 3259 588 3314 Nach
606 3259 800 3316 domselben
818 3269 887 3316 wort
904 3262 1019 3329 Θάλητος
1037 3261 1151 3330 beginnt
1170 3261 1238 3316 anch
1257 3261 1303 3315 bei
1322 3261 1419 3318 Suidas
1438 3264 1498 3318 eino

274 3348 449 3419 compilation
460 3348 603 3404 derselbeu
613 3349 700 3412 stelle,
712 3365 762 3402 nur
772 3349 832 3404 eine
843 3350 968 3404 khrzere.
988 3351 1073 3405 Beide
1084 3349 1293 3405 unterscheiden
1304 3351 1361 3404 sich
1372 3352 1408 3404 im
1418 3362 1497 3408 wort-

273 3439 333 3493 Iant
350 3454 411 3491 vom
423 3437 555 3506 heutigen
568 3437 713 3506 Diogenes,
733 3438 910 3492 stelleuweise
929 3438 1093 3506 bedentend‚
1111 3439 1248 3493 heweisen
1266 3440 1332 3495 aber
1351 3440 1421 3509 kIcr,
1442 3443 1499 3496 dals

274 3529 320 3583 bei
338 3528 452 3593 Θάλητος
464 3526 574 3596 Hesych
593 3543 627 3580 zu
647 3526 716 3580 ende
735 3525 771 3580 lst
791 3526 831 3596 [l],
849 3526 905 3580 und
921 3527 980 3581 dass
996 3526 1122 3582 Endocia
1140 3527 1216 3600 nicht
1234 3528 1287 3583 den
1301 3529 1499 3586 SuidasartIkel

275 3617 396 3686 gehannt
417 3616 507 3670 haben
531 3614 605 3669 kann
624 3616 662 3686 [¹l·
699 3615 742 3670 Da
766 3632 822 3669 nun
844 3615 916 3670 auch
940 3617 1047 3686 Hesych
1077 3633 1126 3670 aus
1153 3616 1297 3672 derselbeu
1325 3619 1424 3687 quelle,
1451 3637 1500 3675 aus

275 3706 411 3774 Diogenes
431 3706 474 3774 [t]‚
492 3704 636 3773 geschopft
654 3704 711 3772 hat,
729 3705 786 3760 und
806 3704 903 3759 Suidas
921 3706 971 3760 wie
989 3705 1391 3762 Eudocia'hherainstimmend
1410 3723 1500 3778 sagon,

276 3793 404 3866 συγγενὴς
427 3795 473 3846 καὶ
497 3793 617 3865 μαθητὴς
638 3795 686 3846 καὶ
708 3793 835 3866 διάδοχος
854 3793 980 3862 Θάλητος,
1004 3795 1105 3850 welche
1130 3801 1215 3849 wor'tc
1239 3795 1267 3848 in
1292 3812 1402 3850 unserm
1421 3797 1500 3867 Diog.

275 3883 377 3950 Iehlen,
397 3897 427 3936 so
446 3881 483 3936 ist
502 3881 704 3952 elnleuchtend‚
721 3882 781 3938 durs
800 3900 897 3938 unsere
916 3883 1121 3954 uberlieferung
1139 3885 1187 3938 des
1199 3884 1279 3953 Diog.
1299 3885 1501 3955 unvoIIstandig

277 3971 330 4026 ist'
361 3969 458 4026 Omnian
476 3971 544 4024 haec
563 3970 667 4025 frustra
685 3971 859 4040 excogitavit,
878 3974 1006 4041 qnoniam
1026 3973 1125 4029 Suidae
1145 3982 1173 4028 et
1191 3973 1331 4028 Endociae
1355 3976 1501 4030 concordia

277 4061 360 4115 etlam
383 4077 422 4114 ex
443 4060 598 4130 pleniore
622 4059 748 4115 Suidae
777 4061 895 4116 codice
923 4063 1084 4138 explicatur.
1127 4063 1179 4116 Hic
1207 4063 1293 4130 igitur
1316 4063 1450 4118 articulus
1472 4065 1501 4119 in

276 4156 403 4204 neutram
420 4156 527 4218 partem
546 4149 723 4204 adhibendus
746 4180 778 4188 -
799 4150 876 4218 Quod
895 4151 995 4205 attinet
1013 4152 1047 4206 ad
1060 4152 1233 4220 Pythagorae
1247 4152 1330 4206 vitam
1346 4151 1500 4222 Suidanam,

278 4237 375 4292 Rohde
403 4244 483 4292 caute
511 4238 544 4292 de
568 4233 721 4294 Laertiana'
738 4239 842 4306 origine
870 4256 899 4293 se
927 4240 1052 4296 dubitare
1080 4241 1150 4295 dixit
1180 4241 1260 4309 [mus.
1284 4241 1360 4296 rhen.
1379 4241 1501 4297 XXXIII

279 4344 305 4402 p.
320 4329 371 4381 205
390 4329 440 4402 n.],
458 4325 568 4384 fortiter
587 4343 645 4386 eam
664 4326 791 4382 adfirmat
802 4327 945 4398 Flachins;
965 4329 1113 4398 quadarn
1133 4329 1167 4382 cf.
1186 4327 1266 4381 infra.
1431 4329 1433 4334 '
