3506 5272
308 517 371 579 114

304 691 357 776 [ci.
373 693 462 758 Diels
478 713 509 775 p.
529 693 615 778 153}
650 692 771 772 Quibus
788 693 1045 758 adnumerandus
1063 699 1113 758 est
1128 693 1313 758 Demetrius
1330 693 1466 776 Magnes
1477 691 1532 780 ¹¹⁰)

305 798 387 882 [sive
421 800 645 884 Antisthenes]
682 805 715 865 et
750 797 1001 885 Sosicrates¹¹⁷).
1061 800 1196 867 Omnino
1236 801 1412 866 similitudo
1447 803 1532 866 iuter

304 907 467 972 Laertium
493 912 526 972 et
548 906 758 990 Hippolytum
782 913 875 973 tanta
897 908 1085 988 intercedit,
1120 913 1157 972 ut
1186 908 1269 972 alter
1293 908 1388 972 alteri
1413 909 1533 974 serviat

302 1013 527 1096 intellegendo.
582 1016 680 1081 Velut
715 1015 834 1080 dictum
864 1015 1007 1080 Thaletis
1035 1015 1242 1080 Laertianum
1277 1021 1308 1078 ut
1343 1013 1380 1079 τὸ
1419 1020 1533 1092 detor,-

301 1118 337 1185 τὸ
365 1119 443 1206 μήτε
471 1117 576 1207 ἀρχὴν
604 1121 679 1203 ἔχον
710 1119 791 1207 μήτε
820 1119 968 1206 τελευτήν
992 1121 1044 1206 [cf.
1071 1122 1227 1188 Clemens
1253 1123 1341 1187 Alex.
1367 1127 1477 1188 strom.
1502 1123 1532 1186 V

300 1248 331 1311 p.
350 1230 413 1294 257
440 1228 600 1313 Sylburg.]
625 1229 665 1293 ab
688 1228 865 1321 Hippolyto
890 1230 930 1293 ad
959 1230 1080 1310 placita
1108 1231 1155 1294 ita
1184 1231 1367 1294 traductum
1397 1235 1463 1310 est,
1494 1234 1531 1294 ut

300 1341 407 1402 tamen
437 1337 598 1418 polluceat
628 1337 911 1418 apophthegmatis
939 1336 1042 1403 forma
1070 1336 1154 1402 θεὸν
1181 1334 1240 1402 οὖν
1267 1339 1350 1401 εἶναι
1380 1337 1471 1421 [ἔφη]
1495 1336 1531 1400 τὸ

299 1443 376 1529 μήτε
399 1439 499 1530 ἀρχὴν
520 1443 600 1529 μήτε
622 1443 773 1529 τελευτήν
796 1443 880 1525 ἔχον.
920 1445 1124 1527 Bicgr·aphus
1148 1445 1270 1509 Laertii
1294 1445 1378 1508 idem
1402 1444 1529 1509 videtur

299 1571 337 1616 ac
351 1551 536 1633 Hippolyti3
563 1556 650 1616 certe
669 1551 722 1634 qui
740 1571 779 1615 ex
795 1552 981 1617 auctoribus
997 1553 1063 1617 illis
1079 1553 1256 1616 omuibus
1273 1553 1367 1616 simul
1382 1551 1528 1616 hauriret

300 1678 364 1724 uon
388 1659 530 1723 innotuit
553 1659 644 1723 alter.

677 1943 701 2000 t.
719 1945 764 1998 Ile
784 1942 934 2013 llesychio
955 1945 986 1998 et
1005 1944 1142 2000 Laertio.

386 2087 525 2168 Egregie
550 2086 761 2152 Nietzscheus
785 2088 879 2171 [mus.
904 2087 993 2152 rhen.
1016 2087 1121 2153 XXIV
1145 2086 1261 2172 (1869)
1285 2107 1315 2170 p.
1335 2090 1524 2173 aro-225]

298 2193 532 2260 demonstravit
554 2193 748 2276 Hesychium
772 2214 836 2260 nou
859 2195 931 2276 ipso
955 2196 1086 2260 Laertio
1110 2195 1167 2259 sed
1191 2194 1279 2260 fonte
1304 2197 1373 2260 eius
1396 2196 1525 2277 biogra-
1609 2262 1613 2269 ,

296 2300 391 2381 phico
420 2319 493 2366 esse
525 2298 694 2382 usum²¹⁸).
748 2301 963 2367 Nihilominus
991 2303 1175 2384 nuperrime
1205 2302 1354 2367 Flachius
1391 2303 1524 2386 [‘unter-
1575 2369 1577 2374 ,

296 2405 479 2488 suchuugeu
498 2427 536 2472 zu
554 2407 669 2472 Suidas
685 2408 750 2473 und
766 2409 910 2473 Eudocia
929 2411 1012 2473 1879
1028 2429 1059 2490 p.
1079 2410 1121 2474 50
1145 2409 1229 2492 squ]
1246 2411 1369 2474 recoxit
1384 2410 1522 2474 vetulam

295 2518 330 2578 ¹et
364 2531 468 2596 paene
503 2515 694 2580 exstinctam
730 2533 839 2580 eorum
855 2590 858 2595 ,
876 2517 1089 2597 suspicionem
1124 2517 1179 2597 qui
1214 2516 1378 2580 Laertium
1419 2517 1523 2598 ipsum

298 2621 512 2703 Hesychianis
548 2622 679 2687 subesse
714 2623 790 2687 vitis
823 2628 948 2704 putant.

388 2731 415 2793 l.
440 2729 519 2793 Inde
536 2730 713 2794 exeundum
731 2730 881 2794 Flachius
903 2735 1021 2811 censet,
1048 2731 1133 2812 quod
1148 2728 1270 2795 frustra
1285 2730 1349 2816 iem
1367 2731 1523 2811 Tanaquil

296 2836 401 2901 Faber
431 2837 578 2901 mutilum
607 2837 730 2902 Laertii
759 2838 801 2901 ad
830 2857 889 2902 nos
924 2839 1109 2920 pervenisse
1141 2837 1303 2918 exemplar
1332 2838 1521 2904 coniecerat.

296 2941 387 3021 Quod
417 2944 445 3008 si
476 2949 562 3009 esset
590 2963 717 3024 verum,
745 2949 908 3025 possent
942 2964 982 3008 ex
1011 2944 1155 3025 pleniore
1184 2944 1307 3009 Laertii
1335 2945 1522 3009 recensione

294 3051 558 3133 philosophorum
582 3053 669 3118 vitae
685 3051 908 3134 Hesychianae
929 3053 1041 3134 repeti.
1082 3052 1193 3116 Fidem
1208 3053 1309 3133 igitur
1325 3053 1522 3133 opinationis

294 3159 487 3225 blachiauae
504 3161 731 3241 ponderemus:
750 3160 968 3241 opinationem
985 3160 1055 3225 dico
1072 3179 1135 3225 non
1151 3159 1383 3240 probationem.
1433 3158 1521 3223 ‘Dals

242 3275 247 3286 '
294 3266 457 3348 Diogenes
473 3267 700 3349 ursprlluglich
715 3268 948 3349 vollstsndiger
965 3287 1120 3350 genesen,
1145 3268 1304 3333 beneisen
1328 3268 1379 3331 die
1404 3268 1521 3333 antikel

293 3373 337 3437 im
372 3373 565 3456 Violarium,
605 3374 662 3438 aui
697 3375 749 3439 die
783 3375 955 3440 Nietzsohe
993 3375 1088 3440 heine
1122 3374 1287 3439 riichsicht
1322 3393 1520 3456 genommen,

294 3481 470 3547 besonders
494 3482 552 3547 der
575 3483 656 3547 liber
671 3481 890 3562 Antisthenae,
916 3481 992 3546 aber
1013 3481 1093 3546 anch
1110 3481 1162 3546 die
1182 3481 1283 3546 briefe
1307 3482 1364 3545 des
1380 3481 1520 3562 Epicur'.

371 3711 423 3782 ¹¹⁶)
494 3711 660 3782 Hippolytus
677 3729 705 3781 p.
724 3713 776 3768 565
796 3711 881 3766 Diels.
1027 3709 1030 3799 l
1178 3710 1307 3764 Laertius
1325 3711 1372 3763 lX.

352 3839 512 3911 Δημόκριτος
536 3843 714 3910 Δαμασίππου
735 3835 886 3909 Ἀβδηρίτης
911 3842 1017 3899 πολλοῖς
1041 3835 1241 3889 Demetrius
1260 3837 1373 3904 Magnes
1397 3841 1424 3889 ἐν
1448 3835 1520 3908 ὀμω-

296 3929 440 4001 συμβαλών
458 3933 689 3999 γυμνοσοφισταῖς
708 3932 736 3980 ἰν
751 3926 850 3988 Ἰνδοῖς
868 3929 914 3980 καὶ
934 3929 1016 3996 ἱερεῦ-
1042 3924 1137 3997 νύμοις

295 4037 339 4072 σιν
357 4022 386 4071 ἐν
404 4016 534 4089 Αἰγύπτῳ
557 4019 603 4069 καὶ
625 4014 799 4088 ἀστρολόγοις
818 4019 864 4070 καὶ
883 4021 910 4069 ἰν
929 4024 1016 4085 Βαβυ·
1040 4021 1068 4068 et
1082 4013 1307 4067 Antisthenes
1324 4018 1352 4066 ἐν
1370 4015 1520 4087 δωδοχαῖς.

295 4108 361 4162 irrisu
378 4105 486 4178 μάγοις.

370 4193 419 4264 ¹¹⁷)
438 4199 541 4266 ἐγένετο
561 4195 591 4248 δὲ
612 4193 735 4266 [Thales]
754 4195 822 4249 κατὰ
842 4199 970 4263 Κροῖσον.
1041 4191 1242 4246 Sosicrates.
1263 4191 1296 4245 cf.
1316 4191 1408 4246 Laert.
1427 4191 1440 4245 I
1461 4196 1501 4248 10.

368 4283 418 4354 ¹¹⁸)
437 4284 605 4352 Quamquam
625 4290 656 4337 ut
674 4299 745 4338 nunc
759 4299 810 4352 per
829 4299 857 4337 se
874 4289 953 4351 patet
972 4281 1004 4336 de
1018 4281 1158 4335 Demetrio
1172 4281 1299 4350 Magnete
1317 4297 1430 4348 prorsus
1449 4297 1521 4336 erra·

295 4371 344 4426 vit.
364 4403 397 4411 —
419 4373 535 4440 Scripsit
560 4371 714 4442 Hesychius
737 4371 862 4427 Milesius
890 4387 914 4424 c.
932 4373 985 4427 590
1013 4369 1058 4442 [ol.
1076 4369 1172 4424 llohde
1200 4387 1268 4423 mus.
1296 4369 1372 4424 rhen.
1401 4371 1520 4426 XXXIV

295 4461 395 4534 [rsus]
415 4477 441 4530 p.
460 4463 532 4530 ⁵63]-
