3506 5272
1367 508 1428 572 145

204 689 348 771 ’6666111
373 685 411 752 ἐν
435 692 476 751 Π.
494 682 543 770 Ἱ.)
572 683 722 760 εἰπόντος
750 686 786 749 δέ
811 707 896 759 τινος
917 682 999 748 κατὰ
1022 680 1164 749 παιδιάν
1185 681 1247 749 ιιτὲ.
1299 686 1430 749 namin

210 792 394 859 Aristotelis
417 793 484 860 vita
506 775 637 875 praeter
660 793 765 874 ipsum
788 791 971 875 Damophili
992 811 1109 860 nomen
1131 790 1211 857 nihil
1235 793 1430 858 666611666-

209 899 272 964 rini
295 900 364 981 ipse
388 900 549 981 Diogenes
573 899 722 983 explicite
746 900 833 964 dicit.

297 1006 387 1071 Haec
409 1011 485 1072 sunt
507 1025 589 1089 6666
613 1007 699 1088 opud
720 1006 898 1088 Diogenem
921 1001 1091 1069 manifesto
1115 1004 1156 1070 ad
1172 1003 1208 1069 0.
1225 1005 1266 1070 H.
1284 1005 1427 1070 redeant.

212 1112 349 1178 concedo
373 1112 475 1178 latere
502 1131 607 1194 pauco
633 1111 772 1178 fortasse
800 1113 833 1176 in
857 1110 1044 1192 historiola,
1074 1112 1168 1177 credo
1191 1112 1277 1177 inter
1300 1113 1431 1178 inventa

211 1218 314 1283 latere
338 1218 512 1302 conpluria,
536 1219 625 1284 velut
647 1219 679 1283 Il
702 1220 744 1283 48
760 1219 1006 1301 Xenophontem
1031 1236 1048 1283 6
1070 1216 1271 1300 philosophis
1294 1219 1432 1300 primum

211 1325 380 1391 historiam
403 1326 585 1408 scripsisse,
610 1326 822 1407 Protagoram
844 1322 1045 1411 Σωκρατικὸν
1071 1325 1156 1399 eidos
1179 1323 1285 1404 λόγων
1308 1325 1433 1407 κινῆσαι

210 1431 326 1513 11153,
351 1432 424 1499 alia.
463 1431 645 1515 praefracte
667 1451 743 1499 vero
767 1448 850 1515 nego
874 1437 931 1497 aut
954 1431 1065 1514 666616
1088 1431 1432 1524 661666116611666-

211 1539 283 1603 rino
318 1539 493 1620 sumpsisse
519 1539 706 1620 Diogenem,
737 1539 854 1605 nedum
889 1539 950 1605 tibi
979 1539 1145 1604 adsentiar
1173 1539 1228 1620 qui
1256 1538 1433 1620 Diogenem
1473 1612 1474 1616 Ἰ

213 1643 315 1710 Ο.“Η.
338 1645 489 1712 Favorini
516 1645 596 1711 dicis
625 1645 807 1727 epitomem.
865 1664 1057 1729 quamquam
1089 1643 1230 1710 excludis
1254 1644 1432 1725 Scepticos;

214 1751 325 1833 quidni
353 1752 450 1818 etiam
474 1750 599 1817 Stoicos
629 1756 663 1817 et
685 1753 881 1834 Epicureos?
926 1771 1001 1817 nam
1035 1752 1068 1816 in
1102 1751 1227 1816 neutris
1262 1749 1434 1832 quidquam

213 1857 470 1924 Favorinianum.
510 1859 567 1924 sed
589 1859 663 1924 nolo
687 1859 813 1941 singula
837 1860 1001 1941 exagitare
1018 1877 1088 1923 cum
1105 1862 1207 1923 totam
1225 1875 1293 1922 rem
1308 1874 1431 1938 negem.

213 1965 343 2047 tuipse
368 1965 515 2032 concedis
539 1983 578 2029 ex
601 1964 699 2032 Gellii
721 1964 802 2046 loco,
827 1984 922 2048 quem
944 1963 1154 2030 Nietzscheus
1177 1963 1219 2028 ad
1241 1963 1435 2028 Favorinum

214 2071 296 2137 bene
318 2072 442 2157 retulit,
466 2072 506 2139 dc
530 2072 641 2138 ordine
658 2071 854 2154 Omnigenae
877 2073 1033 2140 historiae
1056 2071 1136 2137 nihil
1158 2090 1255 2153 posse
1279 2071 1433 2152 concludi,

216 2179 335 2261 ambigi
358 2196 453 2261 posse
475 2197 551 2254 num
573 2179 659 2244 61166
682 2178 780 2244 166611
803 2180 890 2246 ordo.
938 2184 1047 2244 tamen
1070 2179 1232 2261 excogitas
1256 2177 1435 2262 alphabeti-

217 2303 298 2352 cum.
345 2284 403 2350 sed
436 2286 555 2350 iniuria
588 2289 623 2350 te
658 2284 828 2352 adficerem
863 2286 890 2352 si
923 2286 1103 2352 rationibus
1126 2306 1156 2369 p.
1184 2285 1225 2350 53
1255 2285 1372 2350 adlatis
1402 2289 1435 2349 te

215 2393 350 2458 multum
377 2391 522 2457 tribuere
552 2392 725 2458 crederem.
773 2392 928 2475 Stephani
956 2394 1105 2476 Byzantii
1135 2392 1225 2459 locus
1249 2411 1274 2458 6.
1298 2387 1435 2457 62416-

217 2498 368 2587 ξανδρεῑα
391 2497 562 2564 166666666
586 2502 650 2580 661;
679 2499 734 2565 616
764 2505 800 2565 16
828 2501 861 2565 16
888 2501 1004 2575 lacuna
1030 2499 1271 2565 fundamentum
1294 2497 1436 2579 ponere?

216 2605 314 2672 verba
341 2604 427 2688 apud
450 2604 586 2671 eundem
599 2605 765 2691 Ἀργιλος·
789 2603 808 2689 ἦ
831 2607 911 2694 πρὸς
933 2609 977 2694 τῷ
1001 2603 1160 2693 Στρυμόνι
1187 2609 1322 2690 ποταμῷ
1345 2599 1437 2676 πόλις

217 2712 245 2777 61
267 2711 529 2794 lexicographum
550 2710 708 2793 redolent,
736 2731 812 2777 num
834 2712 959 2779 lexicon
986 2712 1086 2779 fuisse
1114 2710 1254 2795 probant
1277 2711 1437 2792 integrum

218 2819 319 2901 opus?
346 2817 469 2900 fingere
497 2818 595 2884 etiam
618 2818 812 2886 adversariis
835 2820 900 2884 tuis
923 2819 1009 2887 licet.
1056 2818 1214 2901 fingamus
1238 2817 1337 2900 igitur
1361 2833 1437 2898 666-

217 2925 257 2991 lis
281 2943 378 3006 supra
400 2923 462 2990 fuit
485 2925 524 2990 de
547 2925 686 2991 inventis
709 2924 982 3008 philosophorum,
1007 2927 1047 2992 de
1070 2925 1203 2991 urbibus
1224 2942 1305 3006 quae
1329 2921 1438 2987 abes-

217 3032 272 3098 tiis
299 3033 429 3097 nomina
461 3032 658 3115 acceperint,
690 3032 868 3112 articulum.
920 3050 1000 3115 pace
1028 3032 1210 3097 166116661
1238 3030 1335 3095 animi
1368 3048 1438 3094 sen·
1549 3087 1551 3092 .

217 3139 353 3206 tentiam
368 3137 523 3221 proferre.
562 3138 706 3221 inposuit
728 3137 789 3204 tibi
809 3137 992 3204 Nietzschei
1012 3138 1163 3222 audacia3
1189 3137 1252 3202 etsi
1275 3136 1438 3203 sentiebas

218 3246 251 3310 in
275 3245 484 3327 dispositione
508 3263 581 3310 eum
614 3245 730 3311 falsum
766 3262 851 3326 esse,
888 3250 996 3310 tamen
1024 3245 1110 3310 idem
1140 3245 1225 3327 quod
1255 3244 1310 3309 ille
1337 3242 1439 3310 voluit

219 3350 347 3418 efficere
382 3351 549 3435 cupiebas,
584 3357 622 3417 ut
649 3353 813 3420 inventum
843 3357 929 3418 66661
948 3347 1040 3419 'sane
1074 3350 1280 3418 luculentum.
1329 3351 1438 3433 116666

219 3459 498 3542 argumentatione
533 3475 671 3526 araneae
709 3460 784 3528 telis
824 3461 971 3528 tenuiore
1010 3458 1133 3525 irretiri
1171 3463 1204 3523 te
1243 3475 1357 3541 passus
1393 3475 1437 3522 es.

218 3587 293 3634 nam
328 3566 528 3633 contumacia
563 3567 745 3634 Nietzschei
781 3566 834 3633 vel
873 3567 912 3633 ab
949 3586 987 3634 eo
1020 3566 1091 3633 loco
1126 3570 1214 3631 recte
1250 3564 1438 3646 explicando

152 3700 157 3718 =
219 3674 395 3741 deterritus
419 3693 468 3756 66,
497 3692 537 3739 ex
560 3693 622 3757 666
650 3674 718 3741 6616
742 3674 782 3740 de
806 3675 918 3741 ordine
941 3673 978 3740 Ο.
1002 3674 1042 3738 Η.
1068 3672 1190 3756 aliquid
1213 3672 1293 3738 disci
1319 3676 1437 3753 potest.

218 3782 248 3848 is
270 3781 379 3848 Photii
408 3785 467 3862 661,
497 3781 552 3864 661
581 3781 621 3847 de
648 3782 746 3847 tertio
772 3780 901 3863 Sopatri
929 3780 1012 3846 libro
1042 3780 1122 3846 haec
1148 3797 1350 3862 nequaquam
1374 3796 1439 3842 am-

219 3888 318 3970 bigua
344 3887 444 3954 rerba
471 3887 571 3953 habet
597 3907 629 3970 p.
657 3883 734 3954 103¹³
766 3885 785 3953 ὁ
815 3887 852 3952 δὲ
881 3892 987 3975 τρίτος
1015 3884 1112 3967 λόγος
1140 3885 1326 3964 συλλέγεται
1353 3880 1440 3971 αὐτῷ

220 3994 256 4058 ἐκ
279 4000 333 4078 τῆς
357 3996 549 4082 Φαβωρπου
576 3993 788 4077 παντοδαπῆς
815 3989 904 4080 ὕλης,
934 3993 967 4058 ἔτι
993 4018 1029 4058 τε
1056 3995 1112 4059 τοῦ
1140 4017 1159 4058 ν
1186 3991 1241 4056 καὶ
1268 3997 1322 4057 τοῦ
1346 3996 1365 4070 ξ
1386 3991 1440 4055 καὶ

220 4100 374 4184 καθεξῆς,
399 4099 487 4186 πλὴν
508 4101 566 4168 τοῦ
589 4127 616 4183 τ,
638 4104 732 4186 μέχρι
753 4101 810 4167 τοῦ
834 4125 868 4168 ω.
916 4100 953 4167 ἓν
976 4099 1022 4175 οἷς
1048 4099 1204 4186 διάφοροι
1228 4096 1363 4182 ἱστορίαι
1386 4097 1440 4161 καὶ

221 4213 285 4275 τῶν
318 4209 401 4272 κατὰ
431 4208 472 4273 τοὶ
508 4205 657 4294 ὀνόματα
680 4211 816 4274 θέσεων
850 4208 1044 4290 αἰτιολογίαν
1077 4206 1131 4270 καὶ
1162 4205 1301 4271 τοιαῦτα
1336 4207 1437 4293 ἕτερα.

222 4315 375 4382 ridiculus
404 4319 454 4380 est
476 4313 686 4381 Nietzschcus
716 4332 787 4380 cum
813 4314 931 4380 librum
953 4338 971 4378 τ
994 4312 1157 4396 deplorat,
1187 4329 1280 4394 quem
1304 4310 1440 4393 Sopater

224 4421 390 4506 spreverit.
437 4421 560 4488 scilicet
585 4440 625 4487 ne
649 4421 683 4486 id
706 4421 834 4504 quidem
856 4422 991 4504 legerat,
1018 4420 1172 4503 Diogenis
1195 4419 1318 4485 Laertii
1340 4419 1440 4486 libros

275 4523 385 4579 Philolog.
399 4523 599 4579 Untersuchungcn
605 4525 647 4568 111.
1232 4526 1264 4579 10
