3516 5272
83 1389 86 1396 ’
218 1383 290 1483 De
311 1379 600 1512 biographis
621 1379 822 1484 Graecis
842 1380 1156 1510 quaestiones
1176 1379 1403 1482 selectae.
1481 1349 1483 1354 ,

283 1818 496 1924 Quamquam
535 1834 733 1904 litterarum,
750 1851 938 1914 graecarum
978 1834 1164 1898 memoriam
1203 1835 1375 1915 explicanti
1404 1855 1424 1900 a

199 1941 324 2005 Laertii
336 1941 490 2022 Diogenis
506 1940 643 2006 historia
658 1940 851 2021 philosopha
866 1941 1053 2022 plerumque
1071 1941 1246 2021 exordium,
1264 1942 1292 2006 si
1308 1943 1422 2022 minue,

200 2047 419 2112 adiumentum
439 2048 657 2128 quaerendum
674 2053 732 2128 est,
758 2047 857 2112 nihilo
882 2047 987 2112 secius
1009 2065 1069 2112 uec
1085 2047 1140 2111 diu
1155 2052 1206 2112 est
1222 2066 1292 2112 eum
1316 2049 1424 2114 studia

196 2154 247 2218 -ita
276 2158 313 2218 ut
343 2155 435 2219 decet
464 2154 570 2236 coepit
599 2171 755 2234 occupare
791 2159 825 2218 et
852 2171 1031 2235 perpaucos
1060 2154 1173 2219 habuit
1206 2156 1260 2236 qui
1295 2173 1424 2222 accura-

200 2261 284 2326 tiore
309 2261 490 2326 eruditione
514 2261 664 2326 instructi
689 2261 729 2324 de
753 2261 947 2342 compilaudi
970 2262 1097 2326 ratione
1121 2261 1215 2324 etde
1238 2264 1423 2328 auctoribus

201 2369 414 2449 disputarent.
463 2367 660 2433 Adsumendi
684 2372 760 2432 sunt
788 2367 812 2430 ii
836 2367 889 2448 qui
913 2386 985 2432 uon.
1001 2372 1103 2434 totam
1127 2369 1348 2449 quaestionem
1368 2371 1424 2435 sed

200 2476 341 2558 aliquam
367 2477 435 2540 eius
458 2480 584 2556 partem
609 2478 838 2539 tractaverunt.
886 2473 955 2538 lam
979 2493 1062 2539 auno
1090 2476 1174 2539 1788
1198 2476 1227 2541 J.
1253 2477 1424 2542 Rossius

200 2584 330 2666 quidam
355 2584 475 2649 Romae
507 2581 624 2646 librum
653 2581 869 2662 promulgavit
893 2581 1197 2651 ‘Commentationes
1221 2583 1422 2648 Laertiauae’

199 2692 399 2772 inscriptum.
440 2689 721 2770 Exspectationem
738 2692 845 2752 tamen
861 2689 970 2753 elusit:
996 2689 1036 2752 de
1056 2691 1163 2771 operis
1179 2691 1345 2755 Laertiaui
1362 2692 1424 2756 ori-

200 2798 273 2879 gine
303 2797 378 2862 iude
413 2816 453 2862 ne
488 2795 650 2860 tantillum
682 2796 810 2876 quidem
840 2796 947 2860 didici.
974 2832 1015 2840 -
1044 2796 1133 2860 ldem
1162 2797 1201 2860 de
1231 2797 1424 2878 Klippelii

199 2905 306 2970 iudico
330 2906 569 2986 programmate
595 2903 645 2966 ‘de
669 2903 707 2967 D.
725 2903 760 2966 L.
786 2903 853 2968 vita
877 2903 1006 2984 scriptis
1023 2908 1120 2984 atque
1144 2904 1178 2966 iu
1192 2903 1329 2967 historia
1352 2903 1424 2984 phi-

198 3010 334 3092 losopha
350 3011 519 3076 scribenda
535 3009 736 3074 auctoritate’
763 3009 860 3091 [anuo
880 3009 962 3072 1831
988 3009 1282 3074 editoNordhusae
1306 3028 1325 3072 a
1347 3028 1423 3091 pae-

199 3118 338 3199 dagagio
361 3116 577 3198 Ihlfeldeusi]:
603 3116 727 3180 indoles
758 3116 876 3180 aetatis
903 3115 989 3180 illius
1013 3120 1046 3180 et
1074 3116 1244 3197 disciplina
1267 3135 1286 3179 a
1309 3117 1422 3182 talium

200 3225 378 3290 studiorum
410 3223 638 3288 cousuetudine
669 3221 873 3285 abhorrebat.
900 3259 940 3267 -
974 3221 1052 3286 Oum
1080 3222 1218 3303 tempori
1247 3222 1422 3286 cedendum

200 3336 294 3410 esset,
320 3332 434 3396 Batavi
460 3331 537 3410 duo,
569 3328 878 3394 Scheuerleerus
902 3333 935 3392 et
959 3327 1193 3408 Mummius,
1225 3348 1263 3394 ex
1286 3329 1422 3394 fontium

198 3437 321 3502 Laertii
345 3456 477 3502 numero
502 3436 645 3517 singulos
675 3435 865 3516 delegerunt
893 3455 1028 3518 quorum
1052 3436 1234 3518 fragmenta
1255 3456 1422 3519 compone·

198 3549 271 3610 rent
301 3550 335 3609 et
366 3547 666 3610 commentareutur.
720 3542 763 3606 Et
787 3542 1096 3608 Scheuerlecrus
1124 3544 1253 3625 quidem
1286 3545 1335 3608 ‘de
1359 3545 1421 3608 De-

197 3651 312 3716 metrio
338 3650 498 3732 Maguete’
532 3649 794 3714 dissertationem
825 3648 987 3732 [Lugduni
1017 3651 1211 3716 Batavorum
1239 3651 1337 3734 1858]
1363 3650 1421 3716 Oo-

196 3755 272 3822 beto
298 3762 440 3823 auctore,
452 3757 635 3821 institutam
658 3760 751 3820 tanta
774 3757 904 3837 scripsit
919 3757 1135 3838 neglegentia,
1160 3762 1196 3822 ut
1212 3776 1334 3823 summo
1351 3759 1420 3822 iure

196 3865 370 3945 praeteriri
394 3863 522 3928 silentio
546 3868 667 3944 posset,
692 3863 755 3928 nisi
775 3863 839 3928 ista
856 3864 895 3928 de
912 3864 1042 3930 Laertio
1060 3864 1203 3945 opinatio
1227 3883 1309 3945 quae
1325 3864 1419 3930 hodie

197 3970 380 4036 dominatur
407 3970 468 4034 hac
497 3971 589 4051 quasi
612 3971 720 4035 radice
751 3970 912 4036 crevisset.
962 3971 1104 4037 Credunt
1135 3971 1218 4035 euim
1249 3971 1335 4052 quod
1357 3971 1420 4036 iste

196 4077 348 4142 decantat
371 4077 571 4143 Demetrium
594 4077 778 4159 Magnetem
802 4077 966 4158 catalogos
989 4076 1251 4158 homonymorum
1274 4076 1420 4142 Laertia-

194 4203 254 4250 nos
283 4189 441 4268 quotquot
470 4185 676 4249 inveniuntur
704 4182 878 4248 confecisse
908 4184 994 4247 docti
1021 4183 1221 4266 indoctique:
1252 4201 1420 4264 argumen-

194 4292 276 4356 tatio
301 4310 396 4374 quam
421 4292 464 4356 sit
479 4310 562 4358 vana
577 4292 713 4356 mirarer
729 4291 814 4372 quod
830 4291 1000 4356 nemodum
1015 4290 1191 4369 perspexit,
1215 4289 1249 4352 ni
1266 4289 1419 4356 Scheuer-

193 4399 274 4462 leeri
302 4399 609 4480 disputatiunculam
638 4398 678 4464 ab
709 4418 818 4464 eorum
847 4398 900 4480 qui
929 4398 1074 4462 scribunt
1102 4396 1142 4459 de
1170 4395 1293 4460 Laertii
1322 4417 1419 4479 opere

1227 4501 1259 4554 1*
