3506 5272
413 547 476 610 164

499 725 621 789 Vereor
654 741 694 788 ne
736 722 884 804 garnrlus
919 720 1008 788 fiam:
1049 727 1140 789 tanto
1176 743 1274 807 opere
1311 726 1400 791 iuvat
1435 730 1538 791 tecum
1568 746 1617 808 per

412 832 610 914 epistolicam
644 830 829 896 libertatem
864 831 1022 914 conloqui.
1079 850 1139 897 nec
1169 836 1278 897 mmen
1311 832 1389 898 mihi
1423 838 1547 914 tempus
1578 841 1620 900 esi
1741 822 1744 870 ἶ

411 939 571 1005 scribendi
586 938 788 1021 neclegendi
803 939 872 1005 cibi.
909 958 960 1004 me
985 937 1123 1005 officium
1145 940 1181 1004 in
1202 945 1308 1005 artum
1324 940 1491 1006 cottidiani
1513 940 1620 1008 laboris
1740 950 1742 992 ἵ

411 1065 523 1129 gyrum
546 1051 691 1112 revocat:
714 1047 777 1112 tibi
798 1047 877 1112 laeti
900 1048 1027 1112 moenia
1050 1047 1160 1112 mundi
1184 1053 1298 1130 aperta
1321 1052 1405 1114 sunt.

498 1155 653 1220 Faustum
682 1157 745 1221 iter
775 1155 836 1220 tibi
863 1156 1027 1236 adprecor.
1080 1157 1188 1238 proice
1212 1174 1385 1238 parumper
1412 1156 1571 1237 Diogenes
1596 1163 1623 1222 et

410 1263 600 1330 Fauorinos:
640 1265 674 1328 in
708 1263 863 1329 lucidiore
898 1268 1050 1329 aeternae
1083 1263 1173 1330 urbis
1208 1283 1283 1330 aere
1318 1263 1472 1330 excitabis
1505 1263 1624 1328 umbras
1708 1312 1713 1321 .

411 1371 512 1437 multo
535 1372 708 1437 nobiliores
732 1388 828 1452 quam
850 1370 885 1434 hi
909 1374 984 1436 sunt
998 1371 1253 1453 vespertiliones,
1293 1372 1335 1437 ad
1349 1390 1409 1437 nos
1426 1371 1480 1453 qui
1496 1371 1531 1435 in
1545 1376 1626 1436 iene-
1743 1406 1745 1439 r

410 1480 478 1544 bris
501 1497 666 1544 versamur
688 1481 865 1542 nocturnae
888 1496 963 1542 aves
989 1479 1093 1560 magis
1116 1477 1254 1544 fortasse
1277 1476 1412 1557 faciunt3
1442 1497 1626 1560 quemquam
1741 1441 1745 1552 ,Ι

412 1587 509 1652 etiam
539 1604 598 1651 nos
627 1584 833 1650 adlectione
861 1585 1004 1650 redimus
1033 1580 1055 1666 ᾇ
1089 1584 1126 1650 τὸ
1159 1587 1312 1661 κάταντες
1343 1585 1437 1650 τοῦτο
1465 1585 1629 1671 γεωλόφον
1744 1655 1745 1662 ¹

411 1701 448 1756 αἳ
480 1717 514 1756 re
546 1704 687 1775 μυρῖκαι.
751 1693 888 1775 denique
926 1694 997 1761 vale
1032 1698 1066 1758 et
1105 1694 1188 1759 sicut
1228 1712 1288 1776 ego
1329 1695 1378 1758 lui
1411 1711 1534 1758 memor
1569 1711 1627 1766 ero,

410 1805 550 1879 fortasse
573 1819 637 1865 non
660 1801 729 1864 sine
753 1801 928 1882 desiderio,
957 1803 1005 1867 ita
1027 1807 1064 1867 tu
1090 1801 1157 1867 noli
1179 1801 1308 1884 quidem
1332 1801 1518 1866 desiderare
1547 1801 1632 1883 quid·

411 1926 506 1991 qnam
530 1926 637 1972 coram
659 1908 735 1974 love
760 1907 941 1990 Capitolino
958 1909 1166 1992 Minervaque
1181 1908 1324 1991 Poliade,
1349 1913 1384 1974 at
1405 1908 1472 1975 noli
1490 1907 1633 1975 oblivisci

411 2019 520 2081 tamen
543 2016 655 2081 nostri.

500 2123 625 2189 Dabam
647 2123 693 2188 Id.
718 2123 777 2190 Iul
