3516 5272
1394 540 1436 604 79

215 717 452 800 gravissimum,
501 721 543 782 at
569 719 634 782 n'oh
673 717 742 780 sine
782 733 887 782 causa.
955 713 1130 780 Audiamus
1172 717 1256 782 enim
1297 719 1437 800 patroci-

214 832 360 890 nantem:
820 880 825 886 .
1369 823 1372 830 ’

304 932 382 998 ‘Sed
405 929 495 996 euim
523 930 563 993 de
591 927 680 993 aeres
713 920 847 1014 opternr's
872 934 904 992 et
917 925 1149 1013 ‚gruvrcsr'mu
1181 929 1217 994 εί
1239 932 1437 996 credendum

214 1041 272 1104 hoe
293 1045 357 1103 cut
380 1035 620 1122 suspeeouu'uru
636 1035 729 1121 suit,
759 1057 895 1102 causum
922 1035 1072 1121 equidem
1099 1057 1167 1100 esse
1194 1035 1342 1102 arbitror
1370 1061 1439 1102 neu

214 1143 454 1211 obaeratam
473 1165 533 1207 uer
556 1141 706 1206 ruotdrue
728 1163 832 1226 neque
850 1143 890 1206 de
906 1142 1023 1227 glorie
1039 1141 1166 1208 mutere
1183 1143 1350 1228 pertendo
1372 1168 1439 1210 eer-

214 1251 371 1317 tationis:
397 1253 476 1316 huee
503 1249 594 1314 eur'm
616 1250 740 1336 procrd
766 1273 787 1312 u
810 1248 959 1314 moribus
981 1249 1212 1336 philosophiae
1240 1251 1369 1325 absunt,
1401 1253 1439 1317 iu

213 1359 334 1444 quadus
357 1357 415 1423 r‘llc'
433 1359 501 1422 duo
529 1355 680 1421 omur'rem
704 1355 833 1420 sudreie
857 1356 1095 1420 excelluerunt.
1144 1361 1238 1442 Quae
1260 1357 1373 1443 egetur
1394 1367 1443 1424 est

215 1465 385 1550 opr'reroue's
413 1464 514 1528 cottus
542 1463 655 1529 rutro?
691 1465 801 1528 ‘Haec
824 1463 971 1548 prrp‘ecto
999 1469 1068 1527 est:
1096 1465 1336 1550 ‘aequiparatio
1366 1466 1439 1551 epse

209 1572 408 1659 plerumque
430 1578 462 1636 et
487 1569 650 1656 purc'lt'tus
672 1569 839 1634 vertutum
868 1569 958 1634 auter
985 1592 1019 1634 se
1045 1568 1273 1636 ecruz'rnr'lrum
1308 1571 1444 1636 etrumsr'

215 1678 435 1744 coutenteoru's
456 1677 608 1742 studerem
630 1683 663 1741 et
683 1677 838 1742 voluutas
866 1679 955 1742 abest
974 1677 1136 1764 speeiem
1160 1684 1288 1743 temen
1309 1701 1440 1744 aernu-

215 1785 389 1852 tutionis
410 1791 522 1850 creat
541 1789 615 1850 ete?
663 1785 731 1862 Quo
755 1786 849 1852 Plato
874 1792 907 1849 et
923 1785 1102 1867 Xenophon
1123 1787 1218 1850 simul
1242 1789 1440 1853 tendebant?

215 1894 279 1959 Ubi
302 1895 470 1975 utriusque
493 1894 630 1959 virtutes
654 1894 739 1958 inter
756 1911 790 1957 se
815 1893 997 1957 consimiles
1020 1893 1060 1957 de
1077 1894 1227 1974 opinione
1252 1895 1350 1959 Gellii
1374 1895 1440 1960 eni·

216 2001 351 2065 tebant?
390 2000 518 2082 Scripta
539 2001 689 2065 videlicet
713 2001 880 2081 utriusque
904 2001 1011 2081 tangit
1028 2000 1151 2066 Gellius
1176 2019 1223 2080 ea,
1250 2020 1332 2082 quoe
1355 2001 1440 2067 idem

216 2108 415 2189 spectabant,
441 2100 603 2190 symposia
627 2107 769 2172 Socratis
793 2086 975 2188 apologiam
992 2112 1033 2172 et
1057 2108 1311 2173 commentarios.
1345 2107 1441 2174 Galli·

217 2215 353 2278 ditatem
376 2216 440 2278 iam
463 2215 621 2296 perspicis
645 2214 831 2307 patrocinii:
860 2215 993 2296 crimine
1017 2214 1194 2280 adversarii
1219 2215 1260 2278 sd
1283 2215 1441 2282 defensio

217 2340 291 2386 nem
315 2322 418 2387 bonus
441 2323 586 2386 abutitur
611 2322 748 2402 Gellius
780 2339 851 2385 cum
873 2321 1071 2403 biographus
1096 2323 1165 2386 eius
1190 2322 1288 2386 ‘velut
1312 2328 1441 2388 conten-

217 2429 314 2493 tionis
343 2429 450 2494 studio
479 2430 593 2494 ductos
623 2429 741 2492 similia
770 2434 924 2510 coarguat
960 2429 1127 2511 scripsisse
1163 2430 1351 2495 ‘convivium
1385 2431 1441 2496 So-

217 2536 316 2600 cratis
352 2536 533 2618 apologiam
569 2537 836 2601 commentarios.
896 2536 940 2600 At
973 2537 1103 2618 quinam
1138 2540 1211 2600 erat
1243 2536 1441 2619 biographus

71 2706 88 2729 ‚
218 2642 519 2724 Laertii'Gelliique
543 2643 812 2725 ‘exquisitissima'
832 2644 966 2707 eximius
983 2643 1152 2708 doctrina?
1175 2643 1297 2726 Nempe
1315 2649 1443 2710 ‘memo-

218 2750 339 2815 riarum
367 2756 511 2814 veternm
541 2751 856 2832 exsequentissimus'
887 2749 1074 2815 Favorinus.
1134 2751 1267 2816 Accedit
1296 2753 1381 2834 quod
1410 2753 1443 2817 in

218 2855 274 2921 illo
303 2857 342 2921 de
371 2858 517 2922 Platonis
552 2858 772 2923 simultatibus
806 2858 876 2922 loco
906 2859 1079 2922 Laertiano
1109 2877 1148 2922 ex
1176 2876 1240 2922 una
1268 2859 1443 2941 eademque

219 2962 363 3045 proiecto
397 2963 520 3042 lubrica
554 2965 759 3033 manifestum
795 2970 845 3030 est
879 2965 1030 3032 Favorini
1064 2965 1250 3046 vestigium,
1286 2966 1443 3046 siquidem

219 3077 307 3136 reete
343 3072 451 3153 paullo
492 3077 588 3136 antea
622 3091 653 3152 p.
680 3075 721 3136 72
758 3072 899 3136 Socratis
935 3073 975 3136 de
1010 3072 1127 3154 Lyside
1162 3072 1307 3138 Platonis
1345 3073 1444 3138 mele·

221 3179 341 3243 dictum
365 3180 484 3244 ibidem
508 3180 664 3244 insertum
689 3179 847 3245 Favorino
873 3179 1111 3244 vindicavimus,
1148 3179 1191 3243 Et
1213 3178 1292 3244 baec
1315 3180 1444 3262 quidem

220 3285 260 3350 de
285 3285 400 3354 Gellio.

308 3394 396 3474 Alia,
432 3399 469 3460 ut
501 3395 541 3459 de
568 3393 704 3459 Platone
740 3394 917 3474 absolvam,
949 3394 1053 3476 magis
1083 3412 1167 3458 nunc
1197 3394 1330 3471 conicio¹
1348 3414 1444 3478 qnam

221 3500 321 3581 probo
347 3503 481 3583 originis
506 3501 647 3566 eiusdem
673 3519 754 3583 esse,
778 3501 866 3566 velut
882 3501 1040 3583 Aristippi
1064 3501 1136 3587 περὶ
1160 3502 1304 3577 notator
1327 3506 1445 3589 τρυφῆς
1570 3507 1573 3512 “

221 3607 268 3671 ΠΙ
292 3609 334 3672 29
359 3607 541 3690 Myroniani
564 3608 600 3672 ἓν
624 3603 744 3692 ὁμοίοις
767 3609 785 3690 ξ
809 3610 851 3674 40
876 3609 1035 3674 Timothei
1058 3605 1077 3694 ξ
1099 3610 1117 3672 5
1141 3609 1216 3694 περὶ
1240 3613 1320 3692 βίων
1342 3610 1445 3674 Hera-

223 3713 314 3809 clidis
356 3714 402 3798 [in
444 3715 549 3798 Satyri
591 3721 624 3780 et
663 3716 803 3782 Sotionis
843 3715 998 3800 epitoma]
1038 3717 1056 3798 ᾗ
1094 3719 1133 3782 16
1173 3717 1365 3784 comicorum
1405 3717 1445 3782 de

152 3871 155 3878 .
221 3821 357 3888 Platone
380 3824 579 3889 testimonia:
604 3823 638 3888 id
661 3824 747 3905 quod
770 3841 828 3888 suo
851 3827 999 3903 tempore
1023 3821 1063 3886 de
1087 3823 1222 3904 singulis
1245 3825 1445 3888 demonstra-

222 3927 318 3994 bitur.

312 4036 362 4100 Ita
385 4035 458 4100 iam
473 4038 693 4118 quaestionem
718 4035 916 4102 conformare
940 4036 1056 4118 placet,
1087 4055 1169 4119 quae
1197 4057 1236 4102 ex
1258 4037 1326 4102 vita
1348 4037 1446 4102 Laer-

222 4142 312 4208 tiana
335 4144 480 4209 Platonis
504 4143 716 4212 abiudieanda
739 4145 908 4209 videantur
932 4145 1120 4228 omnigenae
1143 4145 1309 4211 historiae.

310 4249 383 4314 Huc
397 4251 562 4332 pertinent
578 4251 731 4318 nonnulla
747 4257 1122 4334 apomnemoneumatnm
1133 4253 1261 4319 nomine
1276 4253 1444 4335 insignite:

225 4374 266 4420 ex
286 4355 369 4424 libro
392 4358 409 4422 Ι
431 4358 566 4426 Pollidio
588 4359 739 4426 interitus
764 4357 796 4446 [ᾗ
812 4355 879 4443 20],
905 4362 1015 4422 statua
1036 4358 1182 4426 Platonis
1206 4379 1226 4424 a
1248 4360 1446 4425 Mithradate

224 4465 332 4544 posita
355 4465 388 4548 [ξ
404 4464 474 4550 25];
500 4485 539 4530 ex
557 4467 641 4532 libro
658 4467 689 4530 ll
712 4467 826 4531 mortis
842 4483 945 4529 annus
970 4462 1002 4551 [ᾧ
1018 4463 1088 4553 40];
1114 4485 1153 4532 ex
1175 4467 1302 4533 libroV
1325 4467 1446 4549 Alcyon
