3516 5272
338 433 444 526 νο

337 637 451 720 άνδρῳ
477 633 594 702 οννοὶν.
646 633 719 700 Scio
747 629 950 716 ὃπλομαχικά
977 667 1020 680 -
1049 631 1137 698 velut
1166 631 1343 696 Democriti
1378 632 1563 714 philosophi

338 749 371 809 et
404 744 603 824 Protagorae
638 740 724 826 [napi
759 737 877 821 πάλης]
911 774 949 784 -
987 738 1148 803 extitisse:
1184 737 1262 820 quid
1295 737 1356 802 hoc
1391 739 1432 802 ad
1466 739 1563 804 istum

337 851 532 932 Epicurum?
585 849 654 926 Qua
682 845 781 910 enimi
808 843 1002 910 confidentia
1036 843 1262 929 παιδοτρίβην,
1299 863 1363 925 qua
1390 845 1565 926 quemlibet

337 953 552 1042 ταηιροιρύχον
586 953 765 1020 iubebimus
793 969 864 1016 esse
891 952 1101 1033 scriptorem?
1151 951 1188 1016 In
1219 951 1386 1017 Timonum
1417 952 1563 1034 catalogo

338 1064 511 1129 Laertiano
541 1061 630 1126 Timo
660 1063 711 1124 est
738 1057 991 1139 misanthropus:
1026 1057 1156 1139 scripsit
1185 1076 1262 1140 ergo
1297 1059 1326 1122 is
1360 1077 1501 1140 quoque,
1537 1060 1564 1124 si

339 1169 601 1236 Soheuerleerum
624 1164 800 1231 sectaberis
825 1164 1041 1230 circulantem.
1085 1165 1152 1230 Iste
1174 1164 1339 1245 hominum
1363 1183 1437 1230 osor
1458 1185 1565 1232 nonne

338 1293 416 1340 ase
444 1275 515 1356 ipse
538 1272 739 1352 descivisset,
769 1271 798 1335 si
826 1270 994 1336 scribendo
1017 1269 1193 1352 profuisset
1214 1271 1418 1337 hominibus?
1463 1272 1564 1337 Porro

338 1382 415 1465 quid
432 1380 599 1462 scripserit
613 1378 788 1443 videamus.
824 1377 930 1442 Paene
946 1376 1049 1442 facete
1065 1377 1145 1442 haec
1157 1378 1289 1443 disserit
1302 1377 1563 1444 Soheuerleerum

342 1489 522 1552 ‘Incertum
548 1506 595 1548 αα
622 1504 698 1548 eum
725 1481 962 1547 Demetrius
985 1521 1028 1530 -
1051 1484 1149 1548 audin
1178 1484 1407 1550 circulantem?
1435 1521 1478 1531 -—
1500 1492 1566 1570 pro

333 1598 430 1679 poeta
452 1588 608 1656 tatwn't
625 1590 662 1656 ob
677 1587 896 1676 epagramma,
921 1590 1012 1675 quod
1023 1589 1231 1654 Plutarchus
1250 1587 1290 1654 in
1305 1589 1454 1656 Antonio
1469 1614 1495 1656 c.
1512 1595 1530 1655 7
1534 1595 1564 1658 0.

338 1696 495 1764 laudavit
503 1722 515 1760 .·

430 1801 565 1871 ‘evodo'
590 1798 775 1891 ἀποῤῥήξας
796 1801 907 1889 ψυχὴν
929 1801 1159 1889 βαρυδαίμονα
1181 1811 1303 1888 κεῖμαι·

427 1911 574 1995 τοῦνομα
597 1905 628 1975 δ’
654 1907 692 1976 οὗ
714 1906 887 1991 πεύσεσθε,
910 1913 1003 1976 κακοὶ
1026 1909 1062 1974 δέ
1084 1909 1186 1986 κακῶς
1210 1906 1422 1978 anthimio*

474 2018 644 2083 καὶτοῦτο
667 2020 728 2100 μὲν
750 2013 849 2084 αὐτὸν
871 2017 917 2082 ἔτι
941 2016 1043 2094 ζῶντα
1067 2020 1279 2103 πεποιηκέναι
1303 2018 1457 2099 λέγουσιν.

342 2129 477 2193 Poterat
499 2126 637 2191 alterum
661 2143 700 2190 ex
716 2125 873 2207 Anonymi
897 2125 965 2191 vita
987 2124 1132 2191 Platonis
1156 2125 1244 2209 [post
1268 2125 1381 2192 Cobeti
1404 2128 1568 2194 Laertium

343 2234 624 2299 aWestermanno
641 2230 742 2314 edita]
767 2231 950 2312 adiungere.
992 2230 1079 2309 Quae
1096 2231 1288 2312 coniectura,
1312 2233 1439 2316 uldini,
1464 2253 1566 2316 paene

340 2342 460 2408 faceta:
478 2341 533 2423 qui
556 2341 597 2405 de
620 2356 678 2406 sua
701 2338 803 2420 ipsius
826 2343 930 2404 morte
952 2337 1105 2403 ridiculos
1129 2338 1209 2403 duos
1231 2343 1340 2404 tresve
1363 2341 1477 2422 pangit
1497 2359 1568 2406 ver-

341 2449 459 2514 siculos
495 2466 567 2512 eum
601 2446 691 2513 vides
726 2447 759 2510 in
795 2451 966 2526 augustum
995 2448 1165 2525 poetarum
1193 2445 1323 2510 chorum
1353 2446 1501 2513 relatum.
1525 2483 1569 2495 -

341 2554 491 2620 Forsitan
521 2553 680 2635 quispiam
716 2552 834 2617 dixerit
862 2552 948 2634 quod
976 2551 1052 2617 alibi
1087 2552 1172 2616 idem
1206 2553 1392 2618 declamitat
1416 2553 1569 2618 Soheuer-

313 2662 448 2726 'leerus
479 2659 524 2743 [p.
543 2659 598 2743 87]
624 2659 787 2725 Timonem
821 2658 863 2723 iis
892 2658 1164 2723 adnumerandum
1191 2658 1306 2739 videri,
1343 2661 1398 2741 qui
1433 2661 1495 2724 etsi
1529 2660 1569 2724 de

342 2767 520 2849 peritorum
554 2766 715 2831 sententia
747 2764 837 2829 nulla
871 2764 994 2844 scripto
1028 2764 1236 2845 reliquissent
1276 2770 1383 2830 tamen
1418 2761 1570 2832 recensiti

343 2878 460 2951 essent,
486 2891 600 2954 nempe
623 2877 660 2936 ut
683 2876 796 2937 contra
824 2869 939 2936 falsam
962 2871 1122 2952 quandam
1152 2871 1334 2952 opinionem
1362 2871 1570 2938 defenderen-

342 2986 405 3060 tur,
432 2979 521 3046 velut
544 2978 661 3043 Thales
688 2977 834 3043 Milesius
865 2977 1014 3043 Socrates
1038 2977 1221 3042 Arcesilaus
1246 2977 1428 3045 Gameades
1452 2980 1570 3063 Pytha-

344 3106 439 3170 goras
475 3086 601 3152 Samius
635 3085 798 3166 Diogenes
832 3082 1019 3165 Sinopensis
1054 3082 1248 3166 Aristippus.
1309 3087 1351 3151 At
1373 3087 1406 3151 in
1430 3086 1495 3152 illis
1516 3105 1570 3152 res

342 3197 438 3276 longe
462 3193 536 3258 alia.
577 3192 669 3271 Quis
691 3191 822 3257 tandem
838 3191 1003 3256 Timonem
1025 3191 1222 3273 nuncupavit
1238 3193 1449 3275 scriptorem?
1478 3195 1570 3260 Mon·

344 3307 475 3368 stretur.
534 3297 569 3364 si
595 3299 714 3378 minus,
747 3299 780 3362 in
810 3315 850 3362 ea
876 3303 987 3378 persto
1014 3298 1176 3362 sententia
1199 3299 1363 3364 Timonem
1391 3305 1427 3364 ut
1449 3301 1570 3366 homi-

345 3428 428 3475 nem
453 3405 608 3473 memoria
636 3404 780 3486 dignum,
817 3422 882 3470 non
909 3408 948 3470 ut
976 3405 1210 3486 scriptorem
1245 3406 1278 3471 in
1308 3406 1569 3491 homonymorum

344 3517 484 3582 indiculo
509 3514 617 3580 sedern
641 3512 703 3577 sibi
726 3512 902 3592 paravisse.

433 3621 549 3687 Paucis
572 3637 656 3685 nunc
678 3619 856 3700 transigam
879 3623 1013 3686 ceteros

433 3727 678 3793 Heraclidnrum
701 3727 729 3792 V
753 3721 794 3790 93
819 3724 934 3802 ὄγδοος
956 3722 1067 3807 ἰατρὸς
1089 3727 1153 3790 τῶν
1175 3722 1245 3790 ἀπὸ
1262 3723 1404 3792 Ἱκεσίου.

434 3834 547 3908 ἔνατος
568 3830 674 3920 ἰατρὸς
702 3837 899 3921 Ταραντῖνος
921 3829 1112 3919 ἐμπειρικός.

435 3942 675 4008 Theodoromm
701 3939 734 4005 II
762 3941 825 4004 104
857 3935 1133 4015 ἑπτακαιδέκατος
1166 3934 1274 4027 ἰατρὸς
1296 3935 1480 4026 Ἀθηναίου
1509 3964 1571 4025 μα-

346 4055 689 4238 ¹9'Im-Speusipporum
711 4153 756 4220 IV
781 4154 799 4218 5
824 4156 929 4238 έττρος
950 4153 1061 4240 ἰατρὸς
1079 4124 1285 4238 Ἢροφέλειος
1301 4147 1541 4238 Ἀλεξανδρεύς.

436 4261 622 4328 Stratonum
652 4261 681 4326 V
713 4262 752 4325 61
794 4259 932 4343 ἕβδομος
966 4259 1079 4347 ἰατρὸς
1106 4255 1247 4346 ἀρχαῖος
1281 4257 1323 4335 ὥς
1358 4256 1572 4347 Ἀριστοτέλης

348 4371 454 4455 φησίν.
