3516 5272
329 483 368 544 la

324 657 441 739 placet,
463 653 697 735 obseruatione,
714 653 800 736 quod
818 671 977 734 persaepe
993 654 1131 736 quodam
1146 653 1272 720 vinculo
1288 653 1551 738 philosophorum

325 765 446 847 placita
469 763 555 845 apud
577 761 742 827 Laertium
767 779 837 826 eum
860 760 1016 826 librorum
1040 761 1196 843 catalogis
1220 761 1286 827 sini
1308 763 1467 845 copulata
1506 763 1552 830 Ut

326 891 365 936 ex
389 870 543 953 exemplis
567 868 811 934 NIetzscheanis
834 867 898 932 tria
921 867 1098 949 proferam,
1123 868 1200 934 VIII
1224 870 1243 932 9
1267 866 1552 954 indicaremini

326 975 551 1064 συγγράμμασι
573 986 640 1050 τοῖς
661 976 900 1060 προειρημένοις
923 979 1054 1060 φέρεται
1078 974 1278 1062 Πυθαγόρου
1300 972 1393 1040 τάδε·
1439 976 1486 1041 ΙΧ
1509 977 1551 1041 45

325 1085 379 1150 καὶ
405 1086 509 1149 ταῦτα
539 1085 599 1168 μὲν
626 1077 713 1168 αὐτῷ
741 1078 859 1146 ἐδόκει·
890 1079 932 1145 τὰ
965 1082 1003 1146 δὲ
1029 1081 1142 1165 βιβλία
1171 1079 1273 1148 aiecii
1300 1082 1354 1146 καὶ
1382 1082 1553 1170 Θράσυλος

325 1190 531 1278 ἀναγέγραφε
565 1187 648 1254 κατὰ
682 1186 775 1268 τάξιν
810 1185 908 1265 οὕτως
940 1188 1077 1276 ὡσπερεὶ
1109 1194 1163 1253 καὶ
1190 1188 1229 1254 τοὶ
1260 1187 1433 1264 Πλάτωνος
1468 1191 1552 1255 κατὰ

324 1299 542 1387 τετραλογίαν.
589 1297 651 1362 VH
674 1297 716 1362 38
744 1293 809 1360 ἐστὶ
836 1298 897 1378 μὲν
920 1293 980 1362 οὖν
1003 1291 1102 1363 αὐτοῦ
1136 1296 1191 1362 καὶ
1217 1295 1256 1360 τοὶ
1283 1301 1553 1385 προγεγραμμένα

324 1408 434 1493 βιβλία
462 1404 588 1488 πολλοὶ,
624 1404 660 1469 ἐν
694 1403 740 1478 οἷς
774 1403 930 1490 dloilqosv
963 1402 1003 1478 ὡς
1037 1399 1141 1478 οὐδεὶς
1168 1410 1233 1468 τῶν
1262 1402 1415 1468 seelude·
1444 1401 1486 1467 τὰ
1517 1404 1552 1468 δὲ

324 1512 473 1597 δόγματα
496 1515 610 1586 κοινῶς
631 1511 698 1575 ἐστὶ
720 1509 804 1577 τάδε.
835 1511 927 1576 Hanc
950 1511 1138 1577 conectendi
1157 1511 1317 1576 rationem
1340 1511 1487 1578 aDiocle
1511 1511 1552 1578 ad

324 1621 489 1687 Laertium
512 1619 690 1685 transiisse.
731 1620 855 1684 Deinde
878 1619 1000 1700 placita
1022 1618 1155 1700 Epicuri
1178 1622 1212 1682 et
1234 1618 1372 1685 iudicem
1395 1618 1551 1685 librorum

324 1730 440 1795 mirum
463 1729 498 1792 in
522 1728 650 1794 modum
675 1726 866 1792 consentire.
913 1725 1025 1808 Neque
1054 1725 1138 1790 euim
1170 1725 1277 1790 omnia
1299 1726 1430 1808 Epicuri
1454 1744 1552 1808 opera

325 1838 382 1903 sed
406 1837 526 1902 selecta
548 1835 651 1900 XLIV
672 1834 867 1913 enumerari3
893 1850 976 1916 quae
998 1832 1190 1914 placitorum
1214 1833 1353 1914 scriptor
1375 1833 1552 1898 testimonii

324 1944 394 2009 looo
434 1941 582 2007 adhibuit
619 1941 747 2023 nigidii,
788 1941 919 2006 omnia
956 1941 990 2006 iu
1028 1939 1093 2004 illis
1128 1940 1231 2006 XLIV
1265 1958 1346 2006 esse.
1404 1940 1454 2006 Ab
1488 1959 1551 2006 uno

324 2051 425 2132 igitur
455 2049 631 2131 eodemque
660 2052 790 2113 auctore
821 2052 853 2112 et
881 2047 1073 2128 placitorum
1103 2052 1136 2112 et
1167 2065 1299 2128 operum
1333 2046 1552 2113 recensionem

324 2155 503 2240 profectam
527 2173 613 2236 essa,
643 2154 711 2219 scil.
737 2173 757 2219 a
779 2154 900 2219 Diocle.
948 2155 1049 2220 Porro
1073 2153 1222 2235 ‘exceptis
1245 2153 1369 2220 duobus
1393 2153 1552 2237 Thrasylli

324 2262 483 2328 indicibus
516 2279 624 2328 omnes
652 2261 853 2326 Demetrium
882 2261 1068 2344 Magnetem
1097 2260 1218 2326 habere
1252 2265 1416 2327 auctorem
1445 2297 1488 2308 -
1519 2261 1552 2326 id

324 2371 410 2454 quod
434 2389 468 2434 se
485 2369 549 2434 alia
572 2371 634 2448 vla,
658 2368 698 2434 de
714 2387 777 2454 qua
800 2373 875 2451 post
897 2369 1018 2449 videro,
1042 2368 1203 2434 inuenisse
1225 2369 1383 2450 gloriatur
1397 2390 1455 2434 -:
1474 2388 1551 2452 ergo

324 2478 525 2544 Demetrium
548 2476 749 2558 Magnetem,
779 2477 1031 2560 quotiescunque
1058 2476 1145 2558 apud
1168 2476 1333 2543 Laertium
1360 2477 1428 2543 sive
1450 2477 1553 2542 lateat

325 2603 383 2652 seu
406 2588 600 2666 compareat,
625 2583 736 2649 deberi
758 2584 871 2650 Diocli.
916 2584 1066 2650 Dioclis
1091 2584 1302 2666 epitomum
1326 2602 1411 2650 esse
1434 2585 1553 2650 Laer-

324 2693 422 2757 tium
445 2691 673 2773 Diogenemt
697 2692 877 2773 quoderat
901 2692 1194 2758 demonstrandum.

413 2799 442 2864 b.
471 2798 639 2864 Sumamus
655 2798 778 2864 Laertii
801 2799 899 2865 verba
924 2817 972 2879 ea,
997 2798 1081 2864 unde
1102 2797 1318 2881 proficiscitur
1333 2799 1553 2881 Nietzscheus,
1671 2839 1676 2848 ·
1731 2831 1732 2840 ν

323 2912 411 2974 recte
441 2925 513 2971 esse
542 2905 716 2988 explicata:
749 2925 831 2988 quae
861 2902 936 2972 inde
966 2907 1166 2973 consectaria
1193 2925 1265 2972 esse
1287 2907 1390 2973 voluit
1416 2908 1553 2989 primum

325 3014 520 3098 ponderabo.
578 3013 643 3078 Fae
680 3031 744 3079 non
782 3014 888 3096 logica
926 3017 1053 3080 tantum
1092 3014 1290 3097 specialia
1327 3014 1477 3080 Laertius
1514 3014 1554 3079 de

325 3123 442 3188 Diocle
472 3122 683 3204 prompserit,
724 3123 781 3187 sed
820 3121 884 3186 alia
922 3123 986 3188 iam
1025 3127 1134 3188 antea:
1171 3122 1293 3188 stoicae
1330 3121 1552 3204 philosophiae

325 3230 517 3313 partitiones
549 3247 590 3293 ne
625 3233 702 3295 tunc
735 3230 862 3312 quidem
898 3230 940 3294 ad
967 3229 1112 3295 Dioclem
1145 3228 1267 3294 reterre
1302 3228 1428 3296 licitum
1457 3231 1551 3294 esset.

326 3338 471 3420 Namque
494 3336 534 3401 de
557 3335 670 3417 logicis
693 3336 880 3419 loqueretur
903 3336 1096 3419 specialibus
1120 3341 1154 3401 et
1177 3336 1391 3418 generalibus,
1416 3340 1553 3422 utraque

325 3442 430 3509 Diocli
454 3442 628 3522 addiceret,
652 3448 823 3524 praeterea
846 3444 935 3510 nihil.
982 3443 1102 3522 Quodsi
1126 3442 1336 3509 Nietzscheus
1359 3444 1443 3524 inde,
1469 3443 1554 3526 quod

326 3554 427 3615 testes
456 3551 489 3615 iu
518 3551 746 3632 partitionibus
776 3552 948 3618 advocatos
977 3552 1056 3617 dicit
1087 3551 1217 3617 eosdem
1252 3570 1332 3636 quos
1366 3551 1400 3616 in
1427 3551 1551 3633 logicis,

327 3677 524 3724 communem
548 3677 658 3724 eorum
682 3660 822 3741 conlegit
846 3660 1011 3742 originem,
1037 3661 1180 3742 graviter
1204 3659 1337 3726 erravit:
1363 3658 1445 3725 nihil
1468 3659 1553 3725 enim

325 3751 554 3847 partitionibus
578 3784 648 3831 eum
670 3767 791 3833 Diocle.

370 3873 529 3939 Levitatis
574 3874 693 3939 iterum
735 3874 968 3940 insimulandus
1011 3878 1070 3940 cst.
1142 3873 1288 3940 Concedo
1332 3875 1366 3939 in
1415 3878 1552 3957 utraque

327 3982 511 4063 dogmatum
546 3981 753 4063 percursione
783 3981 962 4048 Stoicorum
995 3983 1170 4049 eorundem
1208 3986 1319 4048 extare
1356 3981 1550 4047 testimonia.

326 4088 369 4153 At
392 4107 456 4153 nou
480 4107 610 4154 omnes
633 4088 804 4172 utrobique
829 4106 1014 4171 sponsores;
1044 4108 1119 4155 nam
1142 4090 1229 4172 quod
1251 4088 1442 4155 nobilissimi
1464 4089 1553 4154 velut

326 4196 412 4260 Zeno
444 4194 595 4261 Citiensis
623 4194 821 4279 Chrysippus
849 4197 1040 4263 Posidonius
1069 4201 1275 4279 repetuntur,
1310 4195 1392 4261 nihil
1419 4215 1552 4279 prorsus

326 4301 451 4384 probat.
498 4303 680 4386 ignotiores
703 4302 843 4370 PhanIas
866 4303 1047 4371 Eudromus
1069 4304 1232 4371 Eudemus
1254 4304 1415 4386 Diogenes
1444 4304 1552 4390 Ptole·

326 4410 486 4476 maeensis
524 4411 557 4476 iu
595 4411 673 4477 solis
711 4410 940 4493 partitionibus
978 4415 1164 4491 occurrunt;
1204 4411 1237 4476 in
1275 4411 1381 4494 logica
1419 4411 1552 4494 speciali
