3516 5272
1400 496 1441 560 57

215 673 453 756 procrastinata
489 678 597 738 essent
631 672 670 736 ab
699 690 754 752 eo,
790 675 827 736 ut
853 676 929 753 post
957 677 1216 752 recenserentur,
1253 675 1286 737 et
1320 671 1443 738 absolvi

216 781 367 864 quoniam
394 798 481 846 mors
509 779 741 862 praevertisset
768 779 1004 861 nequivissent,
1039 797 1241 860 nequaquam
1274 784 1443 861 poetarum

217 887 450 970 elegantissimi
484 887 612 952 nomine
646 889 744 968 atque
778 885 895 950 iudicio
926 885 1023 967 digna
1052 904 1131 950 esse.
1161 923 1205 934 -
1233 886 1442 952 Pindarum

216 994 353 1076 denique
377 993 448 1077 [11.]
473 993 512 1057 ob
528 993 623 1058 nimis
640 993 779 1075 opimam
801 992 1020 1075 tumidamque
1040 991 1221 1058 facundiam
1236 994 1441 1076 vituperavit.

304 1101 335 1166 h.
363 1099 607 1183 ‘Polymathiam
636 1099 767 1182 sapiunt
793 1099 936 1164 indices'.
986 1099 1163 1165 Favorinus
1192 1104 1311 1182 quanto
1344 1120 1442 1182 opere

215 1207 453 1291 philosophiam
469 1224 532 1271 non
548 1225 644 1271 unam
661 1207 718 1272 sed
734 1225 843 1272 omnes
860 1206 1097 1288 amplexaretur
1113 1207 1168 1272 alii
1192 1207 1443 1288 disquisiverunt

216 1314 268 1400 [11.
298 1315 449 1379 Μ1111111
484 1315 559 1378 diss.
597 1314 637 1378 dc
664 1313 823 1379 Favorino
851 1333 882 1395 p.
910 1313 951 1377 54
975 1313 1070 1397 sqq.].
1122 1314 1170 1378 De
1205 1314 1320 1379 studiis
1354 1313 1441 1388 illius

214 1422 350 1505 poeticis
379 1425 412 1486 11
440 1420 603 1486 historicis
632 1424 665 1485 et
692 1420 824 1486 medicis
852 1421 927 1487 dixi.
974 1419 1110 1485 Dicendi
1136 1420 1238 1486 virtus
1261 1421 1439 1487 notissima.

215 1528 395 1595 Habitabat
417 1529 450 1593 in
474 1527 697 1610 grammatica,
722 1527 810 1594 velut
832 1527 1011 1609 Vergilium
1035 1546 1098 1592 una
1122 1545 1192 1592 curn
1214 1527 1334 1610 Hygini
1358 1547 1442 1594 com·

214 1635 381 1702 mentoriis
410 1635 457 1699 ita
485 1634 711 1716 pertractavit,
746 1639 783 1700 ut
811 1635 888 1716 quid
914 1640 1012 1716 poeta
1041 1635 1173 1716 dignum
1202 1634 1280 1716 quid
1308 1654 1371 1701 non
1400 1636 1441 1701 ad

215 1743 302 1808 illius
338 1741 464 1807 dicendi
498 1759 590 1806 usum
626 1759 816 1823 sensumque
852 1759 944 1806 suum
977 1742 1129 1807 adcurate
1163 1742 1359 1823 ponderaret
1387 1742 1439 1826 [11.

216 1849 427 1933 (11111211
474 1848 598 1913 Probus
629 1865 700 1912 cum
730 1847 916 1912 Sallustium
944 1848 1028 1914 male
1058 1849 1235 1931 explicasse
1264 1849 1438 1930 videretur,

213 1957 332 2023 malum
347 1975 497 2038 magnum
514 1955 544 2020 ei
559 1955 700 2021 minatus
713 1959 763 2020 est
772 1954 958 2020 Favorinus.
991 1955 1057 2020 Neo
1069 1956 1272 2021 detrectabat
1284 1957 1438 2038 criticam,

214 2065 242 2129 si
257 2064 385 2146 quidem
397 2063 576 2146 Polycratis
592 2061 829 2127 accusationem
842 2079 948 2127 coram
964 2061 1122 2127 iudicibus
1137 2081 1201 2127 non
1213 2080 1284 2127 1111
1296 2062 1439 2128 habitam

214 2171 412 2252 argumentis
441 2169 629 2234 certissimis
658 2169 753 2234 evicit
781 2167 833 2252 [11.
859 2168 1113 2252 1111111141]Ι
1168 2168 1230 2234 Sed
1258 2169 1336 2251 quid
1366 2189 1439 2236 eva·

214 2295 326 2359 gamur
347 2276 462 2356 latius,
494 2294 565 2341 cum
587 2276 710 2341 licitum
734 2276 777 2341 sit
800 2294 839 2340 ex
861 2277 933 2357 ipsa
954 2276 1030 2340 libri
1052 2275 1267 2358 descriptione
1291 2277 1439 2342 Gelliana

179 2452 184 2463 ,
214 2402 315 2465 exque
345 2402 384 2448 ea
412 2401 507 2466 quam
537 2383 643 2448 animo
672 2383 736 2448 iam
767 2386 912 2448 tenemus
942 2383 1082 2465 imagine
1113 2382 1153 2448 de
1183 2383 1269 2448 illius
1292 2384 1439 2450 doctrina

213 2491 420 2556 existimare?
466 2488 663 2571 ‘Omnigena’
690 2488 813 2554 scilicet
836 2493 907 2555 erat
929 2489 1074 2556 historia.

301 2597 322 2661 1.
348 2597 449 2662 ‘Intra
476 2614 576 2662 annos
602 2597 643 2661 60
668 2600 701 2661 11
726 2599 789 2661 160
812 2616 843 2679 p.
869 2595 996 2663 01111.
1026 2597 1148 2663 indices
1177 2595 1313 2662 11111111
1340 2599 1437 2664 sunt'.

210 2703 336 2770 Flornit
358 2703 543 2768 Hadrianea
566 2707 674 2769 aetate
697 2703 883 2770 Favorinus.

300 2810 352 2876 lV.
391 2807 518 2874 Secrevi
557 2827 655 2890 snpra
693 2809 733 2876 ab
767 2810 1030 2893 homonymorum
1066 2811 1221 2894 catalogis
1255 2811 1436 2878 Laertianis

210 2907 374 3000 aperias
397 2916 554 2998 quasdam
576 2916 700 2981 Laertii
722 2935 781 2999 per
795 2916 1031 3001 homonymiam
1048 2918 1178 2984 solutas
1218 2919 1290 2984 Huc
1305 2924 1437 3001 praeter

210 3024 427 3106 Pherecydem
443 3023 607 3105 pertinere
624 3023 690 3088 dixi
712 3025 964 3090 Periandros.
1004 3026 1054 3090 De
1069 3025 1245 3092 Periandro
1270 3024 1435 3092 Corinthio

213 3131 405 3197 dubitabant
433 3136 574 3210 veteres,
606 3147 681 3194 num
704 3130 790 3195 idem
818 3129 917 3196 fuerit
940 3131 1078 3214 sapiens
1125 3131 1168 3196 Et
1190 3131 1283 3197 Plato
1308 3132 1436 3214 quidem

210 3238 300 3305 illum
334 3243 372 3304 ut
403 3242 573 3320 tyrannum
603 3236 738 3302 exclusit
773 3236 1002 3320 substituitque
1032 3238 1198 3322 Mysonem
1227 3238 1434 3321 Chenensem,

210 3344 402 3412 Aristoteles
415 3343 574 3410 corinthii
590 3343 733 3409 defendit
749 3345 941 3427 sapientiam
957 3343 1009 3428 [11.
1026 3344 1133 3411 Laert.
1151 3345 1246 3429 198]‚
1271 3345 1435 3412 Neanthes

210 3460 243 3521 et
268 3453 357 3520 Sotio
380 3453 428 3516 ita
450 3451 542 3516 litem
566 3451 773 3532 dirimebant,
802 3457 839 3517 ut
866 3452 1070 3535 tyrannidem
1097 3453 1279 3518 tribuerent
1301 3453 1436 3520 Ambra-

93 3561 117 3590 *
209 3561 313 3626 111111
350 3559 475 3624 cuidam
513 3559 693 3640 cognomini
723 3595 766 3606 -
796 3560 836 3625 de
870 3579 932 3642 quo
964 3559 1002 3626 11.
1027 3559 1127 3626 Arist.
1152 3560 1247 3625 Polit.
1273 3560 1301 3626 V
1332 3561 1436 3626 1304·

209 3669 262 3749 32,
290 3669 393 3733 1311·
416 3667 458 3731 39
484 3703 525 3714 -
550 3666 743 3748 sapientiam
766 3665 942 3733 Corinthio.
990 3667 1118 3733 Posteri
1146 3672 1244 3749 prout
1272 3673 1436 3736 auctorem

210 3774 426 3858 sequebantur
437 3773 471 3838 11
483 3773 627 3839 11111111
640 3773 857 3840 discesserunt
870 3775 1058 3841 sententias.
1091 3773 1226 3840 Constat
1238 3794 1277 3842 ex
1289 3777 1434 3844 oratione

209 3880 481 3948 0111101111-
505 3879 544 3945 de
569 3899 632 3964 qua
656 3879 693 3946 cf.
720 3883 910 3963 epimetrum
933 3882 965 3947 H
993 3917 1030 3928 —
1054 3881 1247 3948 Favorinum
1275 3884 1371 3948 istam
1395 3885 1435 3950 de

207 3988 382 4054 Periandro
411 3987 555 4069 aporiam
583 4006 646 4053 non
676 3987 777 4052 solum
801 3989 937 4069 novisse,
962 4007 1086 4070 verum,
1111 3989 1196 4071 quod
1220 3990 1348 4072 gravius
1373 3995 1432 4073 est,

207 4096 312 4178 ipsum
341 4094 543 4160 diiudicasse.
595 4095 770 4177 Postquam
805 4094 889 4160 enim
915 4095 971 4160 ille
1001 4117 1033 4178 p.
1052 4098 1116 4162 520
1145 4095 1342 4181 [Emperius]
1370 4117 1434 4164 non

208 4203 276 4268 sine
308 4206 397 4268 certo
428 4203 566 4284 quodam
601 4202 732 4269 consilio
768 4202 849 4267 dixit
881 4204 1083 4288 Περίανδρον
1111 4205 1170 4270 τὸν
1200 4205 1351 4292 Κυψέλου
1379 4207 1434 4272 τὸν

208 4306 314 4394 σοφόν
344 4314 377 4374 11
400 4329 430 4392 p.
450 4311 512 4374 521
542 4310 674 4378 iteravit
701 4305 785 4374 οὕτω
812 4307 877 4377 ὑπὸ
906 4312 967 4392 μὲν
993 4309 1052 4376 τοῦ
1082 4313 1166 4376 θεοῦ
1193 4311 1343 4394 βασιλεῦς
1369 4307 1433 4380 ὑπὸ

207 4415 245 4480 δὲ
274 4413 339 4481 τῶν
355 4412 527 4500 Ἑλλήνων
554 4412 757 4504 ἀνηγορεύθη
780 4415 891 4503 σοφός,
916 4417 1003 4483 haud
1033 4421 1202 4487 contentus
1231 4419 1357 4502 statim,
1392 4441 1433 4488 ne
