3516 5272
335 473 356 536 4

336 647 424 713 nullo
448 648 637 730 perlectam,
667 647 784 712 nedum
808 647 1022 712 examinatam
1051 665 1122 712 esse
1145 646 1384 712 intellexissem.
1432 644 1495 711 Sed
1519 645 1558 710 de

333 756 395 820 hoc
426 760 502 837 post
532 755 651 819 videro.
682 792 726 801 —
757 755 974 819 Marresius
1002 754 1216 820 Hullemanno
1245 772 1377 820 suasore
1408 753 1559 820 Favorini

335 864 534 928 Arelatensis
562 862 717 944 reliquias
745 862 804 926 sub
832 881 929 927 unum
959 862 1146 944 adspectum
1171 869 1304 928 conatus
1328 868 1378 927 est
1402 862 1557 928 subicere.

335 969 504 1052 Congessit
528 970 643 1052 quibus
667 988 783 1035 nomen
807 975 878 1034 erat
901 972 1132 1052 praepositum,
1157 971 1197 1036 de
1213 989 1270 1035 suo
1288 971 1370 1034 scitu
1394 970 1446 1034 vix
1462 968 1559 1050 digna

334 1083 390 1142 aut
414 1083 525 1159 aperte
549 1075 631 1142 falsa
659 1076 797 1142 addidit:
831 1078 959 1142 iamiam
983 1078 1121 1143 hominis
1145 1077 1306 1142 immerito
1329 1077 1433 1158 ignoti
1457 1076 1559 1156 sospi-

334 1190 472 1250 tatorem
497 1203 531 1249 se
554 1185 663 1248 iactat.
713 1181 829 1249 Confer
853 1185 921 1250 eius
947 1185 1207 1250 dissertationem
1233 1184 1282 1249 ‘de
1306 1183 1456 1249 Favorini
1480 1183 1559 1248 Are-

335 1293 470 1357 latensis
498 1292 565 1358 vita
596 1291 712 1357 studiis
740 1292 877 1373 scriptis'
909 1293 1050 1375 Trajecti
1086 1294 1127 1357 ad
1158 1291 1303 1357 Rhenum
1335 1292 1430 1358 1853.
1491 1291 1557 1356 1111
1669 1377 1673 1386 Δ

335 1401 419 1483 qnod
449 1401 555 1482 amplo
583 1398 743 1464 volumine
773 1399 852 1463 nihil
880 1400 954 1465 novi
983 1401 1101 1480 docuit,
1132 1417 1208 1465 sane
1238 1404 1290 1466 est
1314 1400 1497 1479 dolendum3
1522 1403 1560 1464 ut

334 1507 415 1572 nihil
450 1508 593 1587 obesset,
630 1527 667 1572 eo
704 1505 850 1571 effectum
880 1512 931 1572 est
965 1508 1050 1589 quod
1079 1508 1207 1572 omnino
1240 1527 1304 1572 non
1333 1507 1458 1573 studuit
1485 1505 1559 1588 novi

335 1615 509 1697 quidquam
533 1615 657 1680 docere.
706 1614 788 1678 Eum
811 1615 911 1696 igitur
934 1615 1041 1680 nescio
1067 1634 1107 1679 an
1136 1613 1235 1678 semel
1262 1614 1351 1679 bisve
1376 1615 1436 1679 sim
1459 1614 1559 1679 nomi·

334 1728 477 1787 naturus
506 1758 547 1770 —
576 1722 677 1786 Porro
706 1722 787 1788 Val.
820 1722 919 1786 Rose
950 1721 1015 1805 [‘de
1045 1722 1231 1787 Aristotelis
1262 1721 1417 1786 librorum
1448 1721 1559 1786 ordine

335 1835 367 1894 et
400 1829 602 1895 auctoritate’
637 1829 736 1912 1854]
772 1847 842 1893 cum
878 1829 1060 1910 catalogum
1094 1829 1248 1894 librorum
1280 1829 1559 1894 Aristotelicorum

334 1938 541 2002 Laertianum
572 1957 611 2002 ex
640 1937 791 2002 Favorini
820 1937 991 2018 omnigena
1019 1937 1155 2002 historia
1184 1937 1361 2016 derivaret,
1394 1936 1559 2000 Laertium

336 2045 440 2109 obiter
469 2045 605 2110 coniecit
635 2063 674 2109 ex
702 2044 937 2109 recentioribus
966 2043 1018 2109 vix
1047 2045 1214 2110 duodecim
1245 2044 1341 2124 primi
1376 2042 1498 2108 scilicet
1527 2046 1560 2106 et

336 2152 467 2216 secundi
491 2168 521 2233 p.
549 2149 621 2215 Chr.
647 2169 677 2215 n.
704 2151 833 2231 saeculi,
858 2171 920 2233 quo
944 2152 1082 2216 maxime
1106 2150 1300 2216 effloruisset
1316 2151 1559 2216 commentario-

335 2279 406 2325 rum
429 2259 486 2323 illa
508 2259 600 2324 mixti
624 2259 805 2340 argumenti
821 2259 954 2339 scriptio
971 2264 1005 2323 et
1018 2257 1152 2324 ‘confusa
1174 2258 1331 2340 quaedam
1350 2256 1557 2341 polymathia,

335 2367 424 2432 velut
448 2385 465 2430 e
489 2366 689 2448 Myronium,
714 2365 893 2447 Pamphila,
919 2365 1047 2446 Sabino,
1071 2365 1210 2432 fortasse
1234 2366 1422 2431 Dioscorida
1447 2363 1558 2448 [163],

334 2471 493 2537 Favorino
528 2477 631 2537 totum
669 2490 748 2554 opus
784 2473 1035 2538 consarcinasse.
1090 2474 1170 2538 Rem
1200 2473 1422 2554 gravissimam
1457 2489 1558 2552 paene

335 2580 516 2645 transiluitc
553 2584 588 2644 et
622 2580 703 2644 talio
737 2580 871 2644 dedecet
906 2580 1080 2646 transilire.
1132 2582 1286 2646 Rationes
1315 2581 1412 2646 Rosci
1440 2579 1560 2661 partim

336 2687 416 2751 nihil
439 2688 559 2768 partim
589 2707 653 2752 non
682 2687 762 2752 satis
787 2687 911 2767 valent,
937 2705 1041 2768 neque
1064 2687 1181 2768 dignae
1206 2693 1281 2753 sunt
1304 2705 1386 2769 qnae
1410 2690 1559 2752 accurate

335 2793 585 2876 redarguantur,
621 2814 691 2859 cnm
725 2795 917 2876 praesertim
948 2798 982 2858 et
1009 2793 1209 2860 Bahnschius
1239 2794 1488 2878 [quaestionum
1520 2795 1558 2858 de

335 2902 458 2966 Laertii
487 2901 629 2967 fontibus
658 2903 760 2967 initia’
790 2922 821 2983 p.
853 2905 896 2966 49
925 2902 987 2985 sq]
1017 2906 1050 2966 et
1078 2901 1288 2968 Nietzscheus
1317 2901 1438 2985 [progr.
1468 2902 1559 2966 Basi-

335 3010 406 3074 leae
432 3011 517 3075 1810
541 3030 571 3092 p.
601 3010 823 3094 12]-qua1nvis
847 3029 957 3077 severe
981 3016 1089 3076 tamen
1113 3011 1292 3076 rectissime
1311 3010 1352 3074 de
1375 3010 1416 3074 iis
1440 3009 1560 3074 iudica-
1660 3097 1663 3104 Ι

335 3119 451 3183 verint.
498 3117 660 3183 Nonnulla
684 3119 764 3182 scite
788 3120 970 3200 excogitata
994 3139 1052 3185 suo
1075 3120 1145 3185 loco
1170 3137 1292 3201 suoque
1308 3123 1453 3199 tempore
1477 3135 1560 3182 corn-

337 3225 530 3290 memorabo.

426 3333 571 3413 Denique
602 3333 710 3397 extitit
740 3334 795 3413 qui
823 3334 996 3398 intentiore
1026 3339 1060 3398 et
1088 3332 1231 3398 feliciore
1260 3349 1359 3413 opera
1381 3333 1414 3396 in
1438 3331 1561 3396 Laertii

338 3439 492 3520 Diogenis
502 3440 671 3504 historiam
681 3440 906 3522 philosopham
916 3437 1559 3522 inquireretFridericusNietnsche,

339 3545 378 3610 de
402 3546 546 3628 Diogene
570 3548 710 3613 omnium
733 3547 829 3628 longe
854 3548 974 3629 optime
1003 3547 1138 3612 meritus
1162 3553 1195 3611 et
1217 3547 1321 3628 magis
1345 3547 1443 3610 etiam
1466 3545 1561 3609 meri-

338 3658 440 3734 turus,
465 3655 527 3718 nisi
550 3655 583 3718 in
607 3655 748 3719 tramitis
772 3656 894 3736 reperti
916 3655 1019 3736 gloria
1043 3655 1247 3737 acquiescere
1271 3671 1366 3736 quarn
1390 3657 1560 3734 angustum

339 3777 376 3824 ac
400 3760 599 3827 salebrosum
622 3763 796 3844 multisque
825 3761 1023 3828 anhactihus
1046 3763 1176 3844 plenum
1204 3763 1355 3844 persequi
1383 3761 1558 3826 maluisset.

337 3867 518 3933 Publicavit
542 3870 633 3934 annis
660 3870 744 3934 1868
770 3887 837 3951 sqq.
862 3871 895 3934 in
919 3871 1021 3935 musei
1044 3871 1179 3936 rhenani
1198 3871 1294 3935 tomis
1309 3869 1427 3950 Xlllll,
1444 3867 1559 3948 XXIV,

340 3975 429 4040 XXV
453 3975 503 4040 ‘de
525 3977 647 4041 Laertii
664 3978 819 4058 Diogenis
842 3976 994 4043 fontibus’
1021 3979 1307 4044 commentationes
1327 3975 1436 4041 multis
1460 3975 1561 4041 nomi·

339 4083 433 4147 nibus
449 4083 637 4166 laudabiles,
662 4086 772 4150 multis
789 4086 887 4152 etiarn
902 4087 1141 4168 vituperandae,
1164 4087 1248 4152 unde
1264 4085 1343 4150 mihi
1358 4081 1561 4166 proficiscen·

340 4187 414 4255 dum
440 4193 511 4273 erit,
537 4193 603 4259 sive
628 4210 720 4258 secus
737 4195 841 4259 sentio
858 4199 894 4259 ut
917 4195 1110 4276 impugnem,
1134 4213 1190 4259 seu
1205 4193 1284 4259 mihi
1307 4193 1392 4258 idem
1415 4191 1561 4273 persuasi

339 4302 377 4363 ut
404 4299 495 4364 novis
525 4299 654 4364 fulciam
684 4299 893 4366 adminiculis.
937 4301 1077 4367 Tametsi
1105 4319 1208 4383 paene
1237 4318 1364 4382 semper
1394 4301 1561 4368 adversam

341 4404 531 4472 Nietzscheo
560 4409 753 4474 sententiam
778 4409 967 4475 defensurus
995 4410 1117 4492 perlevi
1144 4415 1306 4476 momento
1336 4427 1406 4474 eum
1431 4427 1561 4491 possum
