3516 5272
1430 417 1471 480 23

249 597 398 674 parente,
428 591 467 654 de
493 589 692 654 Antisthenis
721 590 873 668 decretis,
902 589 942 653 de
966 590 1196 670 Epicureorum
1224 593 1292 655 vita
1315 593 1474 674 victuque.

249 699 388 780 Largam
416 698 532 778 dapem
560 696 754 778 adposuisse·
775 695 907 761 videtur
932 695 971 759 de
1000 713 1191 778 unoquoque
1214 679 1409 780 ‘philosopho
1433 737 1476 746 —

249 806 431 888 praecipue,
455 808 493 868 ut
515 822 575 884 par
598 808 678 884 erat,
703 803 742 867 de
766 801 891 884 Cynicis
916 805 948 866 et
964 801 1131 883 Epicureis
1148 840 1189 850 —
1207 823 1264 869 seu
1279 823 1332 869 res
1348 810 1475 886 spectas

251 916 359 994 gestas
371 928 429 975 seu
440 910 569 991 placita.
594 910 755 976 Nonnulla
770 909 822 974 bic
834 908 901 974 illie
912 909 1006 974 modo
1023 915 1135 991 aperte
1150 911 1245 977 modo
1257 931 1316 993 per
1331 910 1476 977 lraudem

250 1018 399 1082 Laertius
412 1016 558 1098 arripuit.
584 1017 781 1098 Quamquam
794 1016 894 1097 siquis
906 1015 966 1080 hoc
982 1016 1061 1081 illud
1072 1017 1194 1082 Dioclis
1210 1019 1428 1084 testimonium
1438 1037 1477 1084 ex

251 1124 357 1205 aliquo
369 1123 508 1188 vitarum
519 1124 692 1188 summario
709 1122 888 1187 derivatum
904 1122 1100 1187 existimabit
1114 1141 1178 1188 non
1194 1124 1368 1205 intercedo,
1387 1125 1476 1189 dum·

250 1228 344 1293 modo
361 1247 420 1292 nec
436 1228 651 1294 demonstrari
667 1229 763 1294 istam
775 1229 958 1309 opinionem
969 1247 1065 1310 posse
1079 1249 1137 1296 nec
1153 1229 1259 1295 relelli
1275 1229 1474 1299 confiteatur.

340 1335 408 1398 Iam
425 1335 576 1400 subsisto.
617 1335 745 1399 Etenim
761 1354 857 1416 quam
873 1336 957 1400 viam
981 1335 1085 1400 adbuc
1108 1355 1217 1401 sumus
1240 1339 1411 1419 persecuti,
1437 1356 1476 1402 ea

250 1461 363 1508 vereor
386 1459 426 1506 ne
450 1442 587 1523 amplius
611 1442 786 1523 procedere
808 1460 1018 1524 nequeamus:
1042 1441 1121 1506 mihi
1138 1443 1253 1508 saltem
1268 1463 1331 1509 nen
1348 1444 1474 1526 obtigit.

251 1547 395 1612 Alteram
417 1548 518 1629 priori
542 1548 728 1612 dissimilem
752 1548 930 1630 ingrediar,
961 1567 1024 1630 qua
1048 1567 1118 1613 cum
1142 1548 1181 1613 de
1204 1550 1315 1616 Diocle
1343 1556 1411 1616 tum
1435 1552 1475 1617 de

251 1654 353 1719 altero
377 1654 500 1718 Laertii
523 1653 612 1720 fonte
634 1655 789 1736 primario
813 1655 896 1720 scitu
920 1655 1017 1737 digna
1040 1656 1322 1737 recuperabuntur.

420 1919 471 1984 II.
496 1919 548 1984 De
571 1917 747 1986 indicibus
770 1919 1064 2004 homonymorum
1086 1919 1301 1988 Iraertlanis.

847 2061 872 2126 I.

339 2189 387 2251 De
423 2186 644 2268 cognominum
684 2186 903 2267 catalogorum
941 2202 1021 2267 quos
1059 2186 1290 2267 propemodum
1329 2187 1475 2254 omnibus

250 2293 514 2376 pbilosophorum
536 2293 611 2358 vitis
635 2292 770 2357 subiecit
785 2292 935 2359 Laertius
958 2296 1102 2372 tempore
1124 2293 1250 2374 quando
1268 2294 1333 2358 sint
1349 2313 1476 2376 compo-

251 2403 306 2466 siti
333 2420 392 2466 nec
420 2400 515 2465 hodie
545 2399 714 2481 quisquam
743 2399 869 2464 dubitat
897 2415 1002 2479 neque
1032 2416 1173 2480 unquam
1201 2399 1382 2464 dubitatum
1415 2406 1473 2466 est.

250 2508 334 2573 Ante
369 2505 631 2573 Scheuerleerum
666 2503 731 2587 [⁴de
759 2504 924 2569 Demetrio
952 2504 1112 2584 Magnete’
1142 2504 1243 2586 Lugd.
1273 2506 1344 2570 Bat.
1376 2506 1475 2590 1858]

250 2614 375 2678 lonsius
400 2612 465 2696 [⁶de
488 2611 698 2692 scriptoribus
721 2609 877 2675 historiae
900 2609 1131 2691 philosophiae‘
1156 2630 1187 2692 p.
1215 2611 1283 2695 12],
1309 2611 1475 2677 Cliutonus

251 2719 352 2803 [lasti
380 2717 547 2782 Hellenici’
574 2717 703 2798 Lipsiae
730 2717 815 2782 1830
838 2736 869 2798 p.
886 2717 993 2784 XLIII
1014 2716 1060 2800 n]
1089 2717 1251 2782 Prellerus
1280 2717 1497 2802 [Polemonis-

250 2825 288 2891 fr.
313 2825 356 2909 V]
380 2826 503 2890 Roseus
526 2824 547 2889 l.
572 2842 598 2888 c.
623 2823 822 2888 Demetrium
850 2824 1034 2906 Magnetem
1065 2825 1268 2889 coniecerant
1295 2829 1473 2906 auctorem3

250 2934 324 2999 novi
340 2933 421 2997 nihil
436 2934 499 2997 iste
515 2933 651 3013 protulit
666 2931 826 2998 immerito
843 2933 883 2997 ob
900 2931 933 2996 id
953 2931 1059 3011 ipsum
1082 2929 1235 3014 laudatus
1249 2947 1268 2994 a
1284 2930 1476 2998 Nietzseheo

251 3039 344 3123 [mus
368 3039 458 3105 rheu.
482 3039 589 3104 XXIV
612 3039 727 3122 (1869)
750 3058 781 3119 p.
803 3037 889 3121 181].
937 3037 980 3102 At
1014 3055 1083 3100 rem
1114 3053 1173 3117 per
1208 3054 1243 3100 se
1277 3037 1476 3118 probabilem

251 3151 372 3211 certam
394 3145 536 3210 reddidit
559 3145 770 3226 argumentis!
809 3144 848 3209 Id
871 3144 899 3208 si
922 3141 1062 3222 fecisset,
1086 3142 1175 3207 laudi
1198 3141 1335 3208 hominis
1358 3145 1476 3209 nollem

251 3252 445 3332 obtrectare,
470 3251 622 3333 quoniam
644 3270 703 3333 pro
727 3269 786 3316 sua
808 3255 903 3332 parte
926 3250 1109 3314 litterarum
1131 3250 1346 3330 promovisset
1370 3251 1477 3332 cogni-

250 3358 379 3424 tionem.
421 3357 504 3436 Quot
528 3358 612 3423 enirn
634 3358 680 3422 ibi
705 3358 845 3422 citantur
868 3375 1004 3439 quorum
1027 3360 1118 3421 aetas
1134 3356 1263 3421 aliunde
1279 3357 1477 3439 incomperta

251 3469 307 3528 aut
331 3463 505 3529 artioribus
529 3464 843 3530 circumscriberetur
866 3461 983 3529 finibus
1007 3468 1063 3528 aut
1085 3462 1276 3528 artissimis?
1315 3462 1477 3529 Ciceronis

249 3571 305 3636 ille
321 3589 416 3652 quem
431 3571 552 3636 babent
566 3590 625 3652 pro
643 3572 800 3653 scriptore
816 3570 889 3657 napi
909 3567 1089 3655 ὁμωνύμων
1104 3569 1277 3634 Laertiano
1293 3569 1477 3635 Demetrius

250 3677 414 3759 Atticique
431 3681 501 3742 erat
516 3677 646 3758 amicus,
664 3695 768 3760 neque
785 3678 888 3743 solum
904 3678 1034 3760 scripsit
1049 3675 1123 3762 περὶ
1138 3672 1319 3760 ὁμωνύμων
1334 3677 1478 3761 ποιητῶν

250 3779 308 3846 καὶ
323 3786 539 3869 συγγραφέων
554 3783 606 3867 [cf.
624 3783 732 3850 Laert.
750 3785 844 3866 Diog.
861 3786 890 3851 V
907 3784 951 3868 3],
967 3801 1078 3849 verum
1094 3783 1192 3847 etiam
1206 3781 1281 3869 περὶ
1298 3778 1477 3866 ὁμωνύμων

250 3888 379 3954 πόλεων
406 3895 439 3954 et
468 3895 541 3975 περὶ
572 3887 781 3974 ὁμονοίαθῧ).
828 3889 1013 3955 Praefracte
1036 3894 1144 3954 tamen
1172 3890 1257 3972 quod
1283 3889 1346 3953 iste
1369 3888 1478 3969 posuit

250 4015 343 4079 nego.
375 3997 574 4078 Argumenta
589 4016 661 4062 mea
676 3997 853 4079 explicabo,
870 4002 1041 4080 postquam
1053 3996 1230 4062 aduersarii
1245 3996 1476 4061 examinavere.

323 4153 361 4226 ²³)
378 4155 469 4210 Urbes
497 4154 618 4208 citantur
644 4155 745 4226 passim
769 4169 785 4210 a
810 4153 948 4224 Stephano
971 4153 1046 4223 Byz,
1075 4153 1150 4208 velut
1170 4167 1190 4208 ι.
1209 4169 1234 4208 v.
1250 4151 1371 4221 Ἀθῆναι,
1390 4157 1418 4207 et
1443 4153 1477 4209 ab

253 4243 480 4314 Harpocratione.
494 4275 526 4284 —
542 4243 756 4300 Scheuerleerus
775 4243 804 4298 in
821 4242 908 4314 prael.
926 4259 954 4313 p.
967 4245 983 4297 7
997 4259 1051 4298 uno
1069 4241 1141 4300 libro
1159 4244 1221 4315 περὶ
1238 4241 1395 4316 ὁμωνύμων
1412 4261 1478 4311 ποη-

251 4335 304 4388 wir
322 4337 502 4406 συγγραφέων
519 4353 546 4390 τε
563 4335 609 4389 καὶ
625 4333 729 4391 πόλεων
747 4333 902 4390 litterarum
915 4332 1010 4389 ordine
1022 4332 1193 4389 Demetrium
1210 4333 1297 4402 eglsse
1316 4331 1477 4403 arbitratur,
