3506 5272
1397 509 1461 576 115

327 699 371 764 At
396 695 559 764 Eudoeiae
588 693 627 762 de
656 691 847 760 Antisthene
879 689 1034 758 articulus
1065 689 1151 774 quod
1179 689 1307 756 videtur
1334 689 1466 755 Ilachio

242 825 445 889 nequaquam
474 806 687 884 demonstrat,
724 819 915 886 quamquam
944 799 1043 865 verba
1075 798 1190 864 ultima
1218 788 1405 882 ιἐτελεύτησε
1431 796 1468 860 δὲ

235 911 417 998 Ἀθήνησιν
452 907 745 996 ἑβδομηκοντούτης
779 905 961 992 γενόμενος’
996 907 1091 972 hodie
1126 906 1159 970 in
1194 905 1315 971 nostris
1350 904 1467 969 Suidae

239 1020 402 1084 codicibus
435 1019 554 1083 omissa
584 1021 673 1082 sunt:
705 1035 779 1080 nam
807 1017 906 1080 etiam
936 1034 973 1080 ex
1002 1013 1157 1095 plenioris
1186 1012 1304 1078 codicis
1339 1030 1399 1076 usu
1435 1008 1468 1075 id

239 1127 348 1207 ipsum
365 1120 657 1208 explicaretur¹¹⁹).
696 1123 921 1204 Examinemus
944 1122 1045 1203 igitur
1061 1120 1194 1201 Epicuri
1218 1119 1258 1184 ad
1282 1117 1467 1201 Pythoclem

242 1238 275 1298 et
284 1234 485 1298 Herodotum
499 1231 663 1314 epistulas.
690 1231 778 1308 Quae
789 1249 859 1294 cum
873 1229 924 1295 vel
935 1232 1070 1311 propter
1082 1227 1246 1309 ingentem
1259 1226 1414 1292 ambitum
1424 1262 1468 1272 -

240 1340 443 1422 undeviginti
460 1339 621 1420 complent
636 1339 772 1420 paginas
790 1336 983 1402 Cobetianas
1013 1373 1046 1382 -
1072 1355 1114 1400 ne
1130 1336 1164 1400 in
1179 1335 1325 1416 pleniore
1340 1332 1468 1416 quidem

243 1447 342 1514 Suida
358 1447 424 1511 ullo
441 1450 536 1528 pacto
549 1445 676 1527 possint
687 1463 827 1526 unquam
840 1444 996 1522 extitisse,
1014 1443 1235 1525 quaestionem
1247 1439 1467 1523 profligarent,

241 1556 422 1636 victumque
446 1558 482 1618 ut
505 1573 556 1618 me
580 1551 701 1617 faterer
725 1555 893 1633 cogerent:
919 1550 1089 1615 dummodo
1112 1567 1227 1630 reapse
1252 1552 1360 1614 essent
1383 1548 1469 1630 apud

241 1662 415 1727 Eudociam
439 1660 610 1742 pleniores.
650 1658 767 1722 Mirum
791 1677 841 1722 me
864 1657 972 1737 habet,
996 1657 1082 1739 quod
1097 1656 1155 1721 illa
1171 1673 1191 1720 a
1205 1655 1335 1721 Laertio
1351 1654 1471 1720 omissa

243 1769 393 1834 Flachius
416 1768 600 1850 supersedit
623 1764 814 1848 sigulfieare.
856 1764 998 1847 Cumque
1023 1769 1056 1828 et
1077 1764 1207 1846 longum
1231 1763 1274 1828 ait
1298 1767 1331 1828 et
1354 1761 1470 1826 moles-

243 1880 311 1940 tum
334 1875 497 1941 Eudociae
520 1875 712 1955 indigestam
736 1873 853 1938 molem
878 1910 921 1918 -
944 1875 995 1935 est
1019 1875 1052 1936 et
1080 1871 1151 1952 ipsa
1180 1870 1212 1933 in
1240 1869 1470 1950 stupidissimis

244 1984 306 2049 etsi
330 2002 421 2050 secus
444 1982 572 2048 videtur
587 1979 717 2046 Flachio
741 2016 786 2028 -
810 1997 881 2043 cum
897 1978 1027 2043 Laertio
1052 1971 1284 2060 contenent),
1300 1994 1414 2042 vereor
1429 1994 1470 2040 ne

243 2089 375 2155 Flachio
410 2089 490 2154 fides
525 2089 594 2154 sine
630 2092 779 2152 accurato
809 2085 955 2151 examine
989 2082 1157 2148 habeatnr.
1204 2082 1278 2164 Ipse
1313 2081 1472 2164 quantillo

243 2197 308 2262 ista
324 2179 473 2276 sit'fides,
496 2199 668 2280 postquam
692 2212 810 2275 operae
834 2212 898 2258 non
913 2191 1045 2274 peperci
1068 2189 1286 2272 comparandi,
1310 2191 1470 2272 perspexi.

245 2303 360 2369 Omnia
382 2302 543 2385 proferam
568 2302 714 2383 exempla
737 2305 895 2384 quotquot
917 2299 1133 2365 inveniuntur.

334 2412 372 2476 In
396 2409 534 2492 epIstola
558 2410 599 2473 ad
610 2409 811 2474 Herodotum
835 2426 865 2490 p.
887 2409 960 2488 181,
986 2409 1029 2472 24
1053 2405 1225 2490 [Villoison
1248 2405 1357 2470 anecd
1376 2405 1469 2491 gal]

244 2519 343 2585 verba
365 2519 528 2583 Eudocia'e
551 2519 606 2580 καὶ
636 2515 717 2601 πρὸς
741 2514 833 2580 ἁπλοῖ
857 2513 1090 2598 στοιχειώματα
1114 2517 1171 2576 καὶ
1195 2514 1309 2598 φωνὰς
1331 2530 1471 2592 cvrare·

243 2630 351 2708 μένον
364 2627 481 2690 desunt
493 2625 605 2690 eodem
618 2624 704 2706 apud
716 2623 882 2688 Laertium
894 2623 964 2688 loco
978 2622 1023 2705 [X
1038 2641 1070 2702 p.
1085 2621 1160 2700 263,
1180 2622 1221 2685 16
1234 2620 1311 2704 sq.];
1329 2622 1470 2703 itemque

243 2751 273 2814 p.
291 2735 363 2812 188,
381 2734 421 2796 12
435 2729 494 2796 ἐάν
505 2755 565 2815 περ
577 2731 714 2818 διαμένῃ
730 2726 789 2809 ὀξὺ
801 2730 862 2814 τήν
874 2733 1030 2814 αἴσθησιν
1043 2728 1128 2809 apud
1141 2727 1306 2793 Laertium
1317 2728 1348 2792 X
1359 2729 1468 2809 p.269,

246 2841 285 2904 15
310 2859 356 2922 sq.
387 2840 418 2903 in
444 2832 583 2920 epistola
606 2838 646 2903 ad
670 2838 857 2920 Pythoclem
880 2858 911 2919 p.
939 2838 1087 2917 114,11;
1113 2840 1146 2900 et
1169 2839 1226 2900 nal
1249 2832 1288 2901 οὗ
1309 2835 1470 2918 λυομένου

243 2945 351 3010 πάντα
379 2947 421 3012 τὰ
449 2946 485 3010 ἐν
513 2942 601 3033 αὐτῷ
631 2942 783 3026 σύγχυσιν
803 2933 949 3032 Ιλήψεται
983 2943 1069 3026 apud
1096 2943 1262 3007 Laertium
1291 2942 1375 3024 Xp.
1393 2943 1468 3022 274,

314 3119 366 3190 1¹⁹)
377 3119 416 3174 cf.
429 3121 493 3174 diss.
500 3135 593 3194 ,meam
606 3120 648 3175 ‘de
662 3120 826 3189 Sibyllarum
839 3117 985 3173 indicibus’
995 3117 1086 3172 Berol.
1099 3118 1167 3172 1879
1179 3131 1206 3184 p.
1219 3118 1262 3172 55.
1281 3116 1469 3171 Eudociam

243 3210 401 3278 pleniore
421 3211 545 3264 Snidae
569 3210 686 3264 codice
706 3225 797 3264 usam
816 3224 893 3262 esse
920 3207 1061 3262 rerIssime
1084 3206 1139 3262 ianr
1164 3207 1257 3276 posuit
1274 3205 1469 3275 Bernhardyus

242 3299 272 3351 in
295 3298 382 3367 praef.
407 3299 441 3353 ad
462 3299 562 3352 Suidae
586 3299 695 3353 lexicon
719 3315 745 3366 p.
765 3297 887 3353 XXXIII
906 3313 945 3366 sq.
971 3296 1018 3368 [cf.
1042 3296 1125 3350 etiam
1143 3295 1176 3352 R.
1194 3295 1327 3351 Nitzsehe
1353 3296 1468 3362 ‘quaest

242 3386 347 3441 Endoc.
368 3401 445 3456 capp.
465 3387 510 3442 lV’
529 3387 693 3456 Altenburgi
714 3390 782 3443 1868
800 3405 827 3456 p.
847 3389 882 3443 30
902 3385 981 3457 sqq.].

314 3476 423 3544 Moneo,
442 3475 525 3530 etiam
545 3492 565 3530 s.
585 3493 610 3530 v.
625 3475 794 3548 Ἀρίστιππος
812 3476 963 3531 Eudociam
983 3491 1059 3530 usam
1079 3490 1138 3530 esse
1158 3474 1250 3544 Suida,
1270 3490 1330 3528 cunr
1347 3473 1469 3528 adiceret

242 3565 329 3632 patris
347 3581 445 3619 nomen
463 3564 604 3634 ‘Aritadi’3
629 3566 701 3634 quod
721 3583 781 3620 cum
799 3567 871 3621 desit
889 3567 918 3620 iu
936 3565 1062 3634 Laertio,
1082 3565 1212 3620 Flaehius
1231 3579 1415 3633 praepropere
1433 3563 1468 3617 de

242 3655 364 3722 pleniore
384 3654 520 3722 quondam
538 3654 650 3708 Laertio
674 3655 813 3724 cogitarit.
849 3655 883 3708 E.
902 3653 1017 3709 Robdeo
1036 3653 1144 3708 Flachii
1166 3653 1304 3722 persuasit
1324 3668 1468 3722 argumen-

244 3743 312 3796 tatio
339 3743 418 3813 [mns.
437 3743 515 3797 rhen.
534 3743 651 3798 XXXIV
675 3745 793 3813 p.563].
814 3743 959 3797 -Etiam
983 3743 1090 3797 Flacbii
1112 3743 1147 3797 de
1170 3742 1307 3812 Hesycbio
1331 3757 1467 3796 commen·

243 3832 375 3886 tationem
399 3833 651 3901 ‘untersuchungen
678 3834 748 3888 tiber
772 3833 925 3902 Hesychius
947 3831 1082 3886 Milesius’
1113 3831 1214 3885 editam
1242 3832 1271 3885 in
1297 3848 1365 3886 mus.
1390 3832 1467 3885 rhen.

243 3919 296 3975 vol.
315 3921 419 3976 XXXV
440 3921 531 3992 [1880]
550 3939 575 3991 p.
593 3925 641 3977 191
663 3939 721 3990 sqq.
742 3928 827 3976 totam
852 3937 911 3975 esse
934 3920 1041 3973 irritam
1061 3919 1206 3988 concedet,
1230 3920 1278 3988 qui
1302 3927 1467 3974 commenta·

242 4007 392 4064 tiunculam
411 4011 491 4064 istam
503 4010 691 4064 Eudocianam
704 4011 746 4064 uti
763 4027 813 4080 par
826 4015 868 4065 est
886 4008 1090 4078 improbaverit.
1121 4007 1165 4062 Ex
1184 4008 1277 4063 eadem
1296 4008 1330 4063 de
1342 4007 1469 4062 Eudocia

243 4101 438 4170 superstitione
458 4101 629 4169 explicantur
648 4115 717 4168 quae
737 4105 833 4154 contra
846 4097 1067 4153 dissertationem
1085 4112 1172 4151 meam
1191 4095 1263 4150 idem
1282 4097 1350 4151 nrihi
1368 4111 1467 4165 nuper·

243 4191 311 4244 rime
329 4189 451 4244 obvertit
469 4189 497 4242 in
510 4188 599 4243 Iahnii
619 4203 679 4243 ann.
700 4189 789 4244 CXXI
807 4188 903 4258 [1880]
924 4203 950 4256 p.
964 4188 1014 4242 106
1033 4201 1093 4254 sqq.
1124 4185 1203 4240 Adde
1216 4185 1343 4254 quodne
1356 4186 1467 4242 omniuo

243 4295 297 4334 non
316 4279 458 4334 intellexit

317 4367 377 4434 ¹¹⁹1)
399 4367 540 4436 Epistulas
565 4367 626 4421 illas
648 4367 677 4420 in
700 4366 819 4422 editione
838 4365 980 4421 Eudociae
1002 4365 1090 4436 [Lips.
1114 4363 1194 4436 1880]
1214 4364 1306 4420 omisit
1323 4365 1465 4420 Flachiusl

243 4457 327 4515 Vides
345 4464 376 4511 ut
395 4458 453 4527 ipse
473 4464 632 4525 argumento
651 4473 700 4511 suo
719 4453 834 4510 diffidat.

1270 4544 1305 4601 8*
