3516 5272
1436 461 1456 520 7
1468 493 1472 502 ,

323 633 369 697 Eo
393 633 456 696 iam
478 650 530 695 res
547 632 685 695 deducta
709 635 767 710 est,
792 635 838 710 ut,
864 631 940 712 quid
964 632 1003 696 de
1030 633 1112 697 libro
1137 633 1276 698 omnium
1300 639 1458 716 quotquot

234 741 275 806 ad
303 740 473 805 historiam
501 739 684 804 litterarum
713 756 902 819 graecarum
932 743 1080 819 spectant
1109 740 1204 822 longe
1236 742 1456 822 copiosissimo

233 849 406 927 iudicetur,
438 845 534 929 plane
565 846 607 910 sit
637 845 822 911 dubitabile.
872 843 969 910 Cuius
993 847 1083 927 origo
1112 848 1189 929 quin
1213 847 1256 911 sit
1283 848 1455 929 patefacta,

233 953 337 1018 latent
372 953 476 1034 atque'
504 951 652 1016 latebunt
680 952 807 1033 pecoris
841 952 927 1016 illius
963 955 1052 1018 aurei
1088 955 1142 1035 qui
1176 960 1309 1019 vocatur
1342 955 1456 1020 Suidas

233 1064 356 1140 pastus,
381 1059 447 1123 sive
472 1059 605 1140 glandes
629 1058 695 1123 sive
719 1056 837 1140 fruges,
862 1059 978 1124 latebit
1002 1078 1072 1125 cum
1101 1060 1364 1142 philosophorum
1388 1067 1456 1127 tum

234 1171 413 1231 ceterarum
443 1166 583 1231 vitarum
617 1172 776 1249 quotquot
804 1172 879 1232 sunt
908 1187 1084 1250 anonymae
1120 1169 1225 1256 origo,
1260 1169 1345 1233 bona
1376 1169 1456 1234 artis

232 1277 363 1338 nostrae
391 1291 467 1354 pars
497 1273 657 1338 oblivione
685 1274 804 1340 iacebit
832 1257 1034 1339 oblitterata:
1073 1281 1184 1340 notum
1213 1275 1297 1340 enim
1328 1275 1398 1340 dico
1428 1279 1457 1339 ‘a

235 1379 363 1445 Laertio
387 1379 599 1461 principium’.
912 1464 917 1472 ι

322 1487 491 1551 Materiam
520 1487 643 1568 largam
671 1484 800 1568 lateque
829 1483 975 1550 diffusam
1004 1492 1079 1550 ante
1112 1487 1172 1552 hos
1201 1493 1268 1551 tres
1297 1505 1397 1552 annos
1426 1493 1459 1552 et

236 1593 399 1658 dimidium
427 1593 519 1674 coepi
546 1597 764 1675 pertractare,
802 1612 871 1658 curn
900 1592 1164 1676 philosophorum
1195 1594 1273 1661 ordo
1304 1593 1458 1682 Gryphis-

237 1701 402 1766 waldensis
425 1701 507 1766 hane
530 1701 751 1788 quaestionem
779 1701 1014 1780 proposuisset:

321 1805 485 1872 Extc'tcsse
521 1805 768 1874 darcrctzssc'mcs
800 1803 1045 1890 grammaticae
1081 1828 1223 1890 graecae
1259 1807 1458 1892 temperatas

237 1912 334 1978 libras
346 1913 418 1999 περὶ
430 1910 611 1996 ὁμωνύμων
621 1911 796 1998 c'rcscrc'plos
807 1919 921 1976 natam
933 1919 998 1985 est·
1013 1912 1180 1978 sc'rraclc'um
1192 1913 1458 1998 despatalcarcam

237 2017 374 2104 castagna
399 2019 437 2084 irc
459 2017 593 2084 scholiis
615 2016 798 2104 lexc‘cc‘sqcce
819 2025 852 2082 ct
871 2021 965 2104 apud
984 2021 1105 2084 multas
1125 2021 1177 2084 acl
1193 2019 1329 2104 c'rcfimae
1343 2020 1460 2085 aetatis

235 2125 406 2211 scriptores
422 2132 558 2214 patent:
580 2132 670 2211 aptat
684 2124 960 2211 philosophorum
979 2128 1074 2198 ordo,
1100 2133 1141 2190 at
1159 2149 1374 2220 quaecunque
1395 2129 1460 2192 hac

236 2239 377 2319 spectarat
389 2215 604 2318 collegarum,
630 2239 845 2306 enarrentur,
868 2234 915 2296 aa'
928 2239 1077 2298 auctores
1092 2256 1179 2308 saar,
1197 2240 1362 2320 quatenus
1373 2233 1463 2320 fierc'

231 2346 344 2426 potest,
371 2341 572 2425 reseraretur.

327 2447 475 2528 Opusculi
509 2447 573 2511 mei
607 2445 798 2526 particulam
833 2445 866 2508 in
902 2445 1129 2510 dissertatione
1165 2446 1460 2528 Gryphiswaldensi

238 2555 287 2620 ‘de
313 2553 501 2636 Sibyllarum
525 2551 691 2617 indicibus'
718 2571 820 2633 nuper
845 2551 930 2615 edidi
954 2551 1225 2633 [Berolini1879,
1251 2554 1335 2634 apud
1352 2553 1460 2619 Weid-

236 2660 392 2743 mannos],
418 2662 475 2726 edo
499 2677 582 2724 nunc
605 2679 669 2724 non
693 2659 762 2724 sine
786 2658 879 2724 anxio
904 2659 1019 2722 timore
1044 2658 1188 2724 alteram.

281 2768 398 2833 Verum
430 2766 582 2849 quidquid
617 2766 650 2830 in
686 2765 745 2828 hoc
781 2765 958 2830 studiorum
995 2786 1112 2848 genere
1147 2766 1284 2847 profeci,
1320 2768 1347 2830 si
1383 2768 1460 2850 quid

236 2874 369 2955 profeci,
398 2879 499 2938 totum
525 2873 567 2937 ad
590 2871 838 2937 VDALRIOVM
861 2872 918 2936 DE
942 2873 1460 2940 WILAMOWITZ-MOELLEN-

237 2979 374 3046 DORFF
396 2979 500 3045 laetus
524 2980 627 3044 libens
650 2977 765 3042 refero.
805 2978 859 3042 Ius
883 2977 994 3062 fasque
1018 2980 1096 3045 mihi
1117 2980 1177 3044 hoc
1194 2985 1244 3044 est
1259 2980 1458 3062 praedicare,

238 3091 275 3151 ut
294 3087 399 3150 animo
424 3087 503 3150 satis
527 3085 650 3152 faciam.
690 3085 739 3148 Ex
755 3104 817 3166 quo
834 3085 918 3148 enim
935 3104 1066 3166 operam
1082 3085 1270 3166 biographis
1287 3086 1458 3168 impertiri,

238 3213 305 3259 eum
330 3196 363 3255 et
386 3193 512 3273 ducem,
541 3194 573 3257 in
597 3193 676 3268 locis
699 3195 765 3255 tam
790 3191 928 3255 desertis
952 3193 1114 3275 vastisque
1138 3194 1235 3258 tironi
1267 3195 1459 3274 praesertim

236 3300 463 3380 necessarium,
500 3305 533 3364 et
561 3299 851 3364 maturescentibus
880 3298 1001 3372 viribus
1033 3302 1180 3366 comitem
1209 3319 1279 3364 sum
1308 3305 1460 3382 expertus

237 3412 447 3488 constantem,
478 3408 532 3490 qui
560 3412 727 3472 revocaret
759 3406 923 3470 incautum
945 3407 1081 3471 -fere
1109 3409 1254 3489 paenitet
1278 3414 1459 3473 monentem

237 3516 392 3582 interdum
432 3533 494 3578 non
533 3513 694 3578 audivisse
733 3551 776 3560 -
816 3519 1059 3596 praetergresso
1099 3515 1229 3580 scienda
1263 3519 1460 3580 monstraret

238 3621 418 3686 emendaret
441 3625 636 3702 peccantem.
676 3620 713 3683 In
738 3620 822 3685 votis
846 3625 918 3684 erat
941 3627 1069 3702 gratum
1091 3622 1298 3703 deditumque
1320 3621 1460 3686 animum

239 3727 394 3794 offerendo
426 3729 603 3792 studiorum
627 3728 788 3808 primitias
811 3733 993 3808 praestare3
1019 3727 1138 3794 hancce
1162 3729 1315 3794 benevole
1340 3747 1459 3811 quaeso

239 3835 371 3918 accipiat
399 3835 492 3898 δόσιν
515 3831 627 3920 ὀλίγην
650 3860 684 3898 aa
708 3835 805 3920 φίλην
828 3857 870 3900 τε.

327 3995 443 4076 Scripsi
468 3995 682 4077 Colbergae
706 3997 861 4061 Kalendis
884 3994 1056 4061 februariis
1082 3997 1176 4060 1880.
