3506 5272
1385 491 1446 555 157

317 663 363 729 Tu
390 669 560 746 praeterea
587 651 744 747 Leucippi
774 669 807 730 et
829 664 986 730 Heracliti
1014 665 1134 747 placita
1164 664 1317 747 specialia
1344 666 1458 748 Diocli
1530 671 1569 741 cf

226 769 410 852 vindicasti3
445 770 532 836 haud
560 771 679 852 inepte,
710 789 902 854 quamquam
931 789 1034 852 neque
1069 775 1105 836 tu
1134 771 1354 837 demonstrare
1388 771 1449 838 hoc
1541 744 1559 822 s

226 881 320 958 potes
349 895 452 960 neque
483 896 543 960 ego
572 876 723 942 refutare.
773 895 868 942 causa
900 877 969 942 sola
997 879 1082 960 quod
1105 878 1306 944 Antisthenis
1329 878 1449 960 placita

230 983 335 1049 altera
358 987 393 1048 et
413 983 519 1065 logica
540 983 721 1049 Stoicorum
735 983 857 1050 Dioclis
881 989 964 1049 sunt.
1012 984 1075 1050 iam
1098 1003 1174 1050 vero
1198 985 1227 1050 si
1248 985 1449 1051 concedimus
1522 981 1524 987 ’

227 1090 398 1155 discrimen
422 1088 609 1171 specialium
632 1090 892 1173 generaliumque
915 1087 1108 1173 placitorum
1131 1090 1150 1156 a
1173 1092 1317 1174 Diogene
1341 1093 1449 1159 iuven·

226 1201 295 1261 tum
319 1215 390 1262 esse
418 1201 454 1261 ut
483 1195 560 1261 bina
589 1202 740 1279 excerpta
770 1201 941 1279 utcumque
965 1198 1218 1280 conglutinaret,
1253 1199 1328 1264 iude
1364 1199 1450 1280 quod

226 1301 277 1368 bis
293 1303 404 1368 Diocle
420 1302 454 1367 11
471 1302 530 1367 tali
547 1321 644 1370 eausa
661 1322 738 1369 1111
755 1304 807 1384 111,
825 1303 905 1369 nihil
923 1305 1084 1386 sequitur:
1108 1323 1183 1370 nam
1194 1305 1227 1369 iu
1241 1305 1357 1371 Stoicis
1369 1304 1449 1369 nihil

226 1409 290 1474 nisi
312 1409 418 1491 logica
441 1414 516 1474 sunt
538 1410 684 1491 Dioclea,
713 1410 747 1475 11
770 1409 955 1493 Pythagora
975 1425 1052 1476 uero
1076 1411 1094 1495 §
1118 1411 1249 1476 25-35
1277 1411 1450 1492 diligenter

229 1510 264 1580 et
285 1515 443 1598 principio
473 1521 506 1581 et
533 1515 597 1582 fine
626 1520 738 1582 notato
767 1534 807 1580 ex
829 1511 1011 1583 Alexandro
1035 1516 1237 1600 Polyhistore
1267 1517 1447 1599 descripsit.

228 1641 306 1704 ergo
328 1641 392 1688 non
415 1627 482 1686 tam
504 1641 622 1704 parcae
646 1623 676 1688 ei
700 1621 915 1704 suppetebant
931 1641 1008 1705 opes
1025 1623 1291 1705 doxographicae.
1327 1624 1384 1689 sed
1407 1624 1451 1689 sit

227 1728 288 1793 hoc
311 1728 507 1811 ambiguum:
533 1747 604 1794 eam
629 1729 842 1817 suspicionem
865 1724 961 1811 quam
985 1730 1025 1795 de
1040 1730 1216 1796 Potamone
1232 1728 1449 1794 Alexandrino

228 1821 366 1916 Augusti
400 1835 528 1918 aequali
556 1854 573 1901 e
603 1835 715 1901 Diocle
743 1835 918 1918 repetendo
948 1835 1114 1916 protulisti
1140 1855 1171 1917 p.
1198 1838 1240 1901 20
1271 1840 1358 1901 stare
1386 1854 1450 1901 non
1492 1868 1494 1872 ·

228 1958 326 2023 posse
348 1941 629 2023 persuasissimum
652 1941 764 2007 habco.
813 1945 888 2006 sunt
912 1959 989 2007 sane
1008 1941 1133 2023 scripta
1155 1941 1236 2006 haec
1259 1941 1299 2006 ab
1322 1941 1450 2034 homine

228 2047 367 2129 Augusti
390 2048 527 2130 aequali,
551 2053 704 2130 poteraut
727 2047 825 2113 scribi
848 2067 867 2112 a
890 2047 1011 2114 Diocle.
1060 2048 1116 2113 sed
1144 2047 1200 2113 ubi
1226 2048 1278 2113 vel
1300 2047 1450 2113 tenuissi-

228 2173 314 2219 mum
338 2155 509 2238 vestigium
524 2154 647 2221 Dioclis
662 2151 721 2238 per
736 2158 841 2221 totum
857 2155 1056 2236 prooemium
1079 2155 1224 2220 Laertii‘?
1259 2155 1354 2220 immo
1378 2171 1451 2236 pra-

229 2262 347 2328 1111111
374 2262 435 2328 hoe
458 2267 604 2328 tenemus
633 2262 787 2345 temporis
814 2257 966 2327 indicium
990 2281 1052 2345 quo
1081 2262 1253 2346 abquando
1282 2262 1311 2328 is
1339 2266 1451 2326 auctor

230 2373 362 2434 eruetur
392 2387 486 2452 quem
520 2369 554 2434 in
586 2369 752 2452 principiis
787 2367 1010 2451 philosophiae
1045 2372 1078 2433 et
1105 2369 1139 2433 in
1162 2368 1224 2438 VH
1251 2367 1450 2450 sapientibus

230 2473 323 2557 (haec
346 2476 430 2542 enim
454 2477 641 2562 cohaerent)
665 2495 735 2542 cum
750 2476 911 2559 Diogenes
934 2481 1003 2542 tum
1019 2475 1165 2542 Clemens
1189 2476 1449 2558 compilaverunt.

174 2606 177 2610 ·
228 2583 307 2648 mihi
334 2602 417 2666 quae
440 2584 481 2649 dc
503 2582 615 2649 Diocle
638 2585 755 2649 scimus
779 2581 925 2648 sufficere
948 2583 1097 2648 11111111
1119 2587 1156 2647 11
1170 2582 1264 2648 huius
1287 2582 1348 2648 viri
1370 2582 1450 2646 ima·

229 2689 335 2772 ginem
364 2689 461 2755 certis
485 2689 600 2755 saltem
627 2688 830 2754 lineamentis
859 2687 1080 2754 deformemus.
1130 2707 1169 2754 111
1191 2687 1347 2771 Meleagri
1377 2706 1450 2754 con·

230 2795 398 2860 suetudine
421 2795 623 2878 Asianaeque
645 2795 732 2861 vitae
756 2813 827 2861 cum
849 2795 987 2860 miseriis
1011 2799 1079 2860 tum
1104 2795 1316 2877 corruptione,
1345 2794 1450 2876 qualis

229 2899 291 2965 iuit
312 2900 387 2966 inde
410 2921 430 2966 1
452 2889 546 2968 bellis
569 2901 798 2968 Mithridaticis
813 2920 914 2984 usque
931 2902 972 2967 ad
987 2902 1125 2983 Augusti
1142 2902 1323 2984 Tiberiique
1343 2899 1451 2966 fausta

229 3006 374 3089 imperia,
406 3008 546 3074 studium
575 3008 704 3091 quidem
731 3009 890 3074 contraxit
918 3009 1099 3091 cynicorum
1130 3011 1164 3073 et
1191 3007 1333 3090 Epicuri,
1368 3025 1450 3090 quae
1539 3065 1544 3085 ,

230 3114 375 3196 quamvis
403 3115 558 3180 distantia
586 3115 707 3197 placita
736 3116 897 3182 saeculum
925 3115 1004 3180 illud
1029 3114 1205 3182 confusioni
1233 3114 1450 3180 doctrinarum

139 3273 144 3284 .
230 3221 373 3287 deditum
389 3220 476 3287 haud
492 3221 613 3288 insulse
624 3222 707 3288 uidit
722 3222 762 3288 ab
775 3241 812 3289 eo
826 3222 1023 3288 concinnata.
1059 3240 1133 3287 nam
1144 3221 1312 3287 mollitiem
1324 3221 1449 3286 amores

230 3328 353 3410 gratias
381 3328 537 3411 Meleagri
564 3329 692 3396 Diocles
722 3329 868 3412 proiecit.
920 3329 1030 3412 itaque
1058 3329 1092 3395 11
1122 3329 1189 3396 uita
1224 3329 1265 3394 ad
1298 3328 1450 3393 amussim

231 3435 418 3501 sobrietatis
441 3440 476 3500 et
499 3436 705 3502 castimoniae
729 3437 835 3518 ducta,
860 3438 917 3502 scd
940 3455 959 3502 a
982 3437 1097 3502 tetrico
1114 3436 1308 3520 minimeque
1326 3435 1449 3502 Graeco

229 3542 337 3624 rigore
361 3542 467 3607 aliena
490 3561 646 3610 summum
673 3544 792 3610 bonum
818 3544 934 3626 posuit.
981 3543 1104 3610 invenit
1132 3543 1267 3609 eandem
1289 3543 1376 3610 11111
1398 3559 1450 3606 11-

230 3650 351 3716 111111
373 3649 407 3715 in
429 3649 569 3732 Epicuro
594 3655 627 3715 et
649 3651 682 3714 in
706 3649 886 3716 Stoicorum
910 3650 956 3716 eis
984 3652 1049 3734 qui,
1073 3651 1162 3718 uelut
1183 3651 1293 3717 Aristo
1318 3655 1351 3715 ct
1373 3648 1449 3714 Dio·

230 3757 349 3840 nysius,
379 3761 493 3840 utpote
517 3757 633 3824 Graeci
659 3776 723 3823 non
746 3756 922 3822 Phoenices
951 3758 1081 3824 1111111
1103 3759 1266 3823 Zenonum
1294 3760 1328 3823 et
1352 3754 1449 3837 dhry-

230 3891 442 3902 ——u———a

231 3968 285 4023 dia.
326 3967 399 4023 haud
422 3968 524 4024 insulse
547 3983 597 4024 nos
620 3948 857 4024 eum‘diceremus
882 3981 974 4023 canem
1000 3966 1109 4038 quidem
1131 3966 1186 4022 iam
1204 3979 1354 4036 superasse,
1374 3965 1449 4022 canis

232 4057 345 4113 caudam
363 4055 490 4111 nondum.
522 4055 657 4112 Graecum
674 4056 766 4126 paullo
785 4057 871 4113 distat
887 4055 1077 4126 proverbium
1101 4056 1149 4125 qui
1168 4055 1201 4112 de
1219 4054 1329 4112 homine
1348 4070 1383 4110 111
1400 4070 1449 4124 pc·

231 4146 326 4200 riculis
352 4144 470 4200 liberato
498 4145 594 4200 dicunt
621 4149 649 4200 tx
675 4146 754 4207 κυνὸς
781 4144 906 4218 πρωκτοῦ
932 4146 1052 4212 σωθῆναι
1075 4145 1181 4216 (Haupt
1199 4160 1242 4213 op.
1261 4145 1303 4198 III
1322 4145 1395 4214 Mil:
1420 4145 1450 4199 in

231 4234 292 4303 ipsc
310 4233 465 4289 discrimine
483 4233 690 4304 Rempuhlicam
712 4235 823 4304 scripsit
841 4236 924 4290 Zeno.
962 4234 1075 4304 videbis,
1099 4235 1137 4288 mi
1156 4233 1266 4303 Maassi,
1288 4249 1350 4289 mox
1368 4233 1448 4289 Porn-

232 4323 292 4392 pois
309 4322 339 4377 in
356 4322 456 4378 larario
474 4323 604 4380 tabernae
622 4323 763 4382 cuiusdam
774 4324 911 4381 hominem
929 4324 958 4380 in
976 4323 1036 4393 ipso
1047 4324 1101 4380 hoc
1118 4321 1275 4379 discrimine
1295 4328 1449 4378 uersantem

231 4410 383 4467 luculenter
401 4410 548 4481 depictum.
