3506 5272
142 1202 145 1206 .
228 1143 246 1224 ξ
271 1143 322 1208 55.
370 1142 500 1207 Milonis
524 1141 612 1206 aedis
636 1141 817 1206 incendium

1403 435 1444 498 93

440 601 617 672 Porphyrius,
638 601 695 656 vita
712 602 792 672 Pyth.
876 645 878 650 .
1099 605 1226 662 Laertius
1244 606 1319 676 VIII,
1341 611 1364 663 1.

227 715 246 796 §
271 716 335 779 19.Ι
368 713 604 794 Discipulorum
629 713 722 794 copia

370 820 539 885 Silentium
1090 825 1104 885 1
1132 820 1317 909 [11111111

227 928 321 1009 §dh
368 927 642 1010 Pythagoreorum
667 927 842 993 auctoritas

371 1034 450 1099 (lum
474 1033 591 1117 Cylone
615 1035 782 1099 inimicitia
1055 1091 1149 1172 §39-
1175 1094 1226 1157 49·

371 1248 439 1314 lter
462 1249 627 1314 Deliacum
1023 1268 1042 1351 ρ
1058 1270 1100 1334 40
1125 1268 1344 1355 [Ἡρακλείδης
1359 1269 1395 1335 ἓν
1411 1272 1448 1360 τῇ

1039 1374 1187 1461 Σατύρου
1198 1379 1280 1458 βίων
1289 1374 1446 1468 ἐπιτομῇ]ο

370 1463 523 1545 Archippi
547 1463 737 1546 Lysidisque
761 1461 837 1544 fuga

804 1565 995 1656 [Neanthes]
1024 1571 1119 1654 139.

372 1678 465 1761 Lysis
488 1683 679 1760 praeceptor
702 1677 943 1759 Epaminondae
1025 1678 1043 1761 ξ
1067 1681 1096 1742 7.

229 1784 460 1866 §dsssoMors
484 1785 519 1849 P.
545 1780 833 1870 [Dicaearchus]
1024 1783 1262 1867 §ldssacera
1307 1783 1448 1848 Dicae-

1281 1888 1446 1975 archus}

230 1997 275 2063 Ut
299 1997 575 2078 comprehendam,

277 2108 305 2171 1.
330 2106 420 2172 Vita
443 2106 690 2188 Pythagorae
713 2104 923 2169 Laertiana
951 2103 1125 2170 conflata
1154 2109 1213 2169 est
1241 2123 1286 2169 ex
1315 2104 1449 2169 ‘omni-

332 2231 427 2295 gena
449 2213 529 2278 hist
515 2212 631 2278 toria’
657 2213 837 2294 pauculis
860 2212 1044 2278 immixtis
1068 2212 1113 2277 de
1129 2231 1449 2293 apomnemoneu·

330 2326 473 2385 matum
497 2316 773 2404 excerptis¹⁰⁸)

277 2429 305 2492 2.
330 2426 451 2492 Dioclis
474 2427 525 2494 vel
548 2428 631 2493 alins
655 2428 795 2492 auctoris
815 2427 984 2509 vestigium
1008 2426 1136 2507 repperi
1159 2425 1289 2490 nullum.

277 2537 306 2600 3.
331 2536 459 2602 Incerta
481 2541 649 2602 remanent

338 2643 356 2726 §
404 2643 486 2708 lde
509 2648 603 2725 patre
627 2644 789 2708 Marmaco

338 2751 356 2832 ᾗ
402 2751 486 2815 Ide
509 2749 613 2814 tribus
636 2749 760 2831 poculis

338 2857 357 2938 ᾗ
382 2860 419 2921 11
447 2857 486 2921 de
509 2856 657 2938 Apolline
679 2854 887 2938 Hyperboreo

448 2962 487 3028 de
511 2962 626 3028 studiis
650 2962 852 3045 geometricis
877 2959 1124 3044 [Anticlides]

457 3121 475 3152 ‚
560 3119 579 3152 ,‚
646 3070 780 3135 medicis
804 3068 1081 3153 [Apollodorus
1102 3066 1327 3152 logisticos]

341 3177 840 3261 §14„librisetetdisoip1dis

341 3284 359 3367 ἕ
383 3286 424 3350 37
449 3281 640 3351 comicorum
661 3284 827 3350 irrisiones

342 3392 425 3475 §43
450 3391 579 3459 Theano

342 3499 360 3582 ξ
384 3501 515 3565 49-50
539 3499 624 3581 epist
610 3499 678 3565 tula
700 3499 742 3564 ad
764 3498 1001 3564 Anaximenem

238 3607 337 3673 Omisi
359 3608 585 3690 Hieronymi
609 3607 682 3690 §21
710 3608 827 3672 det
765 3608 827 3689 Pyt
826 3606 949 3688 hagora
972 3605 1038 3670 dict
1024 3609 1091 3670 tum
1114 3606 1190 3687 qnia
1212 3605 1296 3671 infra
1318 3608 1452 3690 patebit,

308 3837 364 3908 ¹⁰⁶}
376 3837 535 3908 Repetierat
547 3837 632 3906 igitur
642 3835 793 3891 Favorinus
806 3851 875 3904 quae
888 3836 922 3890 de
932 3836 1088 3905 Pythagora
1100 3835 1264 3890 athletarum
1276 3837 1412 3892 nutritore
1425 3839 1454 3894 in

238 3927 532 3995 apomnemoneumatis
547 3927 617 3981 dixit
629 3925 723 3980 eadem
737 3925 764 3979 in
781 3925 923 3994 omnigena
933 3925 1061 3981 historia:
1082 3925 1108 3980 id
1129 3925 1201 3994 quod
1217 3925 1261 3980 vel
1278 3925 1338 3995 ipsa
1349 3927 1454 3983 Laertii

240 4017 323 4072 verba
340 4017 455 4072 suadere
474 4016 540 4070 mihi
561 4016 689 4071 ridentur
707 4014 774 4069 VIII
796 4017 840 4070 12:
865 4019 965 4087 λέγεται
983 4016 1012 4069 di
1030 4017 1077 4070 καῖ
1095 4017 1195 4087 πρῶτος
1216 4018 1322 4087 κρέασιν
1341 4016 1455 4084 ἀσκῆσαι

238 4105 361 4177 ἀθλητάς,
381 4109 427 4161 καὶ
446 4107 550 4178 πρῶτον
572 4105 597 4178 γ’
616 4105 779 4177 Εὐρυμένην,
803 4104 891 4159 καθά
917 4123 995 4175 φησι
1013 4110 1211 4176 Φαβωρῖνος
1229 4109 1263 4159 ἐν
1280 4111 1375 4179 τρίτῳ
1392 4109 1454 4161 τῶν

238 4196 595 4269 ἀπομνημονευμάτων
617 4196 668 4249 τῶν
685 4193 812 4265 πρότερον
830 4194 921 4267 ἰσχάσι
938 4196 1029 4265 ξηραῖς
1045 4195 1091 4246 καὶ
1108 4199 1195 4265 τυροῖς
1212 4191 1305 4266 ὑγροῖς
1323 4195 1390 4250 ἀλλὰ
1408 4200 1455 4252 καὶ

238 4292 332 4357 πυροῖς
359 4286 571 4357 σωμασκούντων
598 4283 698 4349 αὐτούς,
725 4284 878 4354 καθάπερ
904 4281 919 4338 ὃ
947 4282 1040 4344 αὐτὸς
1065 4291 1263 4355 Φαβωρῖνος
1290 4288 1323 4338 ἐν
1351 4285 1454 4360 ὄμθόμ

239 4376 450 4442 παντοδαπῆς
468 4379 617 4446 ἱστορίας
636 4380 736 4447 φησίν
753 4374 788 4429 cl.
806 4390 833 4443 p.
848 4375 889 4430 92.
