3506 5272
311 470 374 535 134

224 671 226 676 ·
310 666 477 714 causarum
500 650 665 728 permotus
689 645 857 726 gravitate.
897 643 940 709 Et
962 645 1049 709 vitae
1064 645 1189 710 ratione
1206 649 1239 711 et
1253 645 1395 711 moribus
1411 663 1448 710 ac
1464 647 1530 710 stu·

295 757 435 820 'diorum
467 774 585 839 genere
614 754 803 835 dicendique
832 751 986 835 gemellus
1014 753 1165 819 Favorini
1194 758 1264 819 erat
1292 758 1416 820 orator:
1453 753 1530 820 civis

308 864 471 929 Romanus
506 867 655 944 uterque,
691 860 895 942 imperatoris
930 859 1111 942 familiaris,
1148 861 1234 943 apud
1261 862 1402 928 Graecos
1433 861 1530 926 etiam

309 975 407 1055 atque
431 971 510 1038 adeo
535 970 621 1052 apud
638 969 772 1036 Celtas
795 967 890 1051 vulgo
910 972 1016 1050 notua,
1035 973 1166 1035 notatus
1183 969 1223 1035 ob
1239 969 1403 1036 libidines:
1428 969 1531 1051 philo-

310 1077 456 1159 sophiam
480 1082 513 1143 et
536 1077 743 1159 sophisticam
760 1075 1002 1157 amplexabatur
1025 1082 1059 1142 et
1082 1077 1172 1143 attici
1189 1079 1344 1144 sermonis
1361 1078 1531 1144 observan-

310 1186 396 1250 tiam.
438 1185 540 1264 Quid‘?
564 1186 649 1268 quod
671 1185 821 1250 Favorini
845 1189 985 1250 statuam
1007 1189 1140 1267 propter
1155 1186 1312 1252 Hadriani
1336 1186 1531 1252 simultatem

310 1300 494 1360 everterant
528 1293 750 1359 Athenienses.
810 1291 889 1357 Cum
926 1293 1075 1358 irrisione
1114 1295 1251 1376 quadarn
1289 1294 1531 1361 Atheniensium

310 1403 502 1497 oblivionem
525 1401 765 1468 benefactorum
787 1401 977 1482 perstrinxit
1001 1407 1110 1468 orator
1134 1401 1328 1468 Corinthius.
1352 1403 1532 1468 -Omnia

310 1508 389 1574 haec
415 1513 482 1574 tam
514 1509 643 1591 egregie
672 1509 819 1590 exposuit
842 1509 1026 1590 Emperins,
1055 1513 1092 1575 ut
1117 1511 1277 1576 neminem
1301 1511 1428 1577 credam
1451 1509 1530 1592 iore,

310 1621 387 1703 quin
411 1639 481 1684 curn
505 1637 628 1684 summa
650 1617 815 1699 voluptate
839 1616 937 1682 semel
960 1617 1140 1700 iterumque
1163 1618 1318 1702 perlegat.

401 1727 520 1794 Contra
543 1727 729 1808 Emporium
752 1730 869 1808 urguet
891 1726 1101 1791 Marrasius:¹

402 1839 429 1902 1.
454 1835 562 1902 Verba
577 1837 617 1901 de
641 1840 769 1900 oratore
785 1835 871 1900 dicta
893 1855 924 1917 p.
944 1835 1007 1899 528
1022 1834 1112 1916 Emp.
1137 1833 1203 1900 τῶν
1217 1836 1277 1918 μὲν
1290 1833 1353 1921 γάρ
1371 1828 1532 1919 Ἑλλήνων

312 1943 387 2019 τοὺς
409 1941 556 2030 ἀρίστους
579 1941 685 2007 ἔπεισε
707 1938 787 2029 πρὸς
809 1937 851 2006 τὰ
873 1942 937 2008 τῶν
953 1939 1122 2025 Ῥωμαίων
1135 1939 1309 2029 πράγματα
1333 1935 1530 2020 ἀποκλίνειν,

312 2049 380 2117 τὸν
404 2051 444 2116 δὲ
464 2051 689 2139 προστάτην
709 2049 790 2136 πρὸς
805 2049 845 2115 τοὶ
859 2050 924 2115 τῶν
942 2047 1110 2133 Ἑλλήνων.
1149 2051 1198 2114 De
1213 2049 1356 2132 Emperii
1372 2051 1533 2116 sententia

311 2161 494 2226 Hadrianus
519 2165 568 2226 est
591 2158 826 2241 intellegendus
853 2160 1038 2241 imperator.
1087 2158 1235 2225 Obvertit
1258 2159 1443 2239 Marresius‚
1466 2158 1532 2223 Ha-

312 2269 458 2334 drianum
481 2288 545 2334 non
569 2287 639 2334 cum
663 2272 749 2334 esset
771 2268 920 2349 princeps
940 2286 1050 2334 verum
1065 2267 1129 2332 iam
1145 2285 1280 2348 puerum
1296 2255 1337 2331 ad
1351 2266 1533 2332 litteranrm
1634 2315 1636 2319 .

312 2395 499 2460 graecarum
528 2376 636 2442 studia
658 2377 737 2441 adeo
762 2375 933 2441 adductum
957 2393 1042 2457 esse,
1070 2380 1107 2441 ut
1128 2375 1246 2442 latinas
1269 2375 1463 2458 neglegeret.
1488 2411 1533 2422 -

312 2485 354 2550 At
371 2486 398 2550 si
415 2485 621 2566 exaggeravit
637 2485 769 2550 orator?
793 2483 904 2566 Neque
920 2484 1004 2548 enim
1019 2483 1080 2549 hoc
1093 2484 1167 2550 sciri
1178 2488 1287 2566 potest
1297 2502 1358 2549 nec
1369 2482 1530 2565 redargui.

401 2595 430 2657 2.
458 2592 616 2659 ‘Favorini
651 2595 759 2656 aetate
792 2609 856 2656 non
890 2591 992 2656 valuit
1025 2591 1059 2654 in
1098 2588 1280 2656 Corinthios
1312 2591 1397 2674 quod
1428 2591 1533 2656 innuit
1574 2640 1576 2644 .

313 2705 422 2766 orator
444 2721 474 2782 p.
494 2701 555 2764 531
587 2696 675 2784 ὑμεῖς
698 2697 768 2763 ἐστε
795 2704 855 2764 νῦν
878 2694 912 2762 τὸ
935 2695 975 2784 δὴ
1000 2695 1173 2780 λεγόμενον
1194 2696 1307 2786 πρῷρα
1331 2698 1385 2762 καὶ
1406 2695 1532 2783 πρύμνη
1585 2709 1587 2711 ’

311 2809 367 2892 τῆς
383 2804 549 2887 Ἑλλάδος,
573 2808 675 2875 valuit
697 2807 730 2871 in
746 2805 908 2872 Athenas’.
949 2805 1070 2871 Iterum
1086 2823 1215 2887 quaero,
1241 2824 1296 2871 cur
1311 2825 1375 2871 non
1393 2823 1532 2887 exagge-

312 2935 402 2982 rasse
431 2920 541 2997 putem
571 2919 732 2980 oratorem
761 2913 890 2979 sibimet
916 2913 978 2995 ipsi
1005 2912 1284 2994 patrocinantem?
1310 2914 1407 2980 maus
1435 2912 1530 2980 Julia’

314 3023 498 3089 Corinthus!

402 3132 431 3195 3.
458 3129 678 3196 ‘incusabatur
701 3129 860 3212 quoddam
884 3129 953 3194 eius
968 3129 1089 3193 Rornae
1111 3128 1312 3194 commissum
1327 3128 1534 3196 libidinosum

313 3239 491 3321 flagitium’.
553 3236 722 3319 Emporius
762 3237 822 3302 hoc
859 3236 997 3302 fortasse
1035 3255 1099 3301 non
1137 3239 1224 3301 recte
1263 3237 1426 3302 coniunxit
1463 3255 1534 3302 cum

312 3346 504 3412 Philostrati
526 3345 711 3410 narratione
736 3345 775 3410 de
790 3344 941 3411 Favorini
964 3347 1073 3409 statua
1088 3343 1129 3408 ab
1146 3342 1394 3410 Atheniensibus
1411 3362 1532 3410 eversa.

313 3455 490 3520 Marrasius
524 3457 694 3536 postquam
728 3472 791 3518 non
820 3453 889 3518 sine
917 3469 1013 3518 causa
1042 3450 1124 3517 hanc
1145 3450 1289 3533 Emperii
1319 3451 1534 3530 coniecturam

315 3563 357 3627 ad
379 3562 427 3626 rei
451 3579 606 3626 summam
628 3580 692 3625 non
714 3561 929 3642 pertinentem
952 3559 1165 3641 impugnavit,
1193 3559 1311 3625 iniuria
1334 3565 1431 3642 atque
1454 3560 1534 3626 adeo

314 3672 424 3752 inepte
447 3672 549 3734 totam
572 3667 715 3749 Emperii
739 3669 897 3734 corruisse
921 3666 1231 3750 argumentationem
1254 3667 1420 3733 conclusit.

406 3780 434 3842 4.
471 3776 532 3841 Vix
567 3775 663 3857 digna
698 3792 779 3856 qnae
814 3772 995 3840 refutentur
1029 3783 1103 3839 sunt
1137 3774 1229 3840 haec:
1266 3774 1368 3853 ‘Quod
1404 3775 1536 3841 iactavit

317 3884 544 3967 gloriabundus
568 3888 677 3948 orator
700 3880 769 3946 fore
791 3886 828 3947 ut
850 3882 1024 3964 ignominia
1047 3886 1236 3948 notarentur
1260 3880 1426 3963 Corinthii,
1451 3882 1536 3965 quod

318 3993 406 4058 cuius
453 3995 593 4056 statuam
638 3989 686 4054 illi
733 3989 966 4056 subvertissent
1005 4009 1076 4056 eum
1115 3990 1214 4055 ceteri
1253 4008 1360 4056 omnes
1397 3990 1536 4056 libenter

318 4099 482 4180 excepturi
506 4103 623 4178 essent,
651 4098 685 4162 id
707 4116 771 4162 non
794 4097 932 4181 quadrat
954 4098 986 4164 in
1009 4097 1159 4165 Favorini
1181 4098 1386 4163 memoriam’.
1432 4098 1535 4164 Iacta-

317 4206 443 4272 bundus
466 4204 618 4271 videlicet
640 4206 847 4288 exaggeravit
871 4210 990 4271 orator.

409 4314 438 4378 5.
463 4313 529 4378 Neo
556 4312 690 4378 meliora
718 4313 901 4396 obloquitur
930 4317 1046 4378 cetera.
1098 4312 1195 4379 Velut
1226 4313 1264 4377 ‘si
1293 4316 1402 4378 orator
1430 4330 1464 4378 se
1498 4331 1537 4378 ex

320 4421 462 4484 Romano
479 4420 636 4486 Graecmn
653 4438 724 4486 esse
738 4419 856 4486 factum
872 4420 1038 4503 gloriatur,
1062 4420 1254 4486 Favorinum
1269 4420 1341 4485 ideo
1357 4437 1420 4486 non
1442 4437 1537 4501 posse
