3506 5272
332 497 394 560 160

329 672 357 737 si
379 671 463 751 inde,
488 671 574 752 quod
596 687 649 735 res
673 673 751 737 nota
774 673 872 751 atque
895 668 935 734 de
958 668 1055 734 trivio
1079 671 1208 748 sumpta
1231 667 1316 748 apud
1331 663 1440 748 plures
1465 682 1548 731 com-

329 778 485 860 pilatores
508 777 678 857 invenitur,
704 775 891 857 ceteroquin
914 778 1045 840 auctore
1069 774 1206 855 privata,
1236 772 1335 838 semel
1359 773 1469 838 addito
1492 792 1549 839 no·

329 885 415 949 minc
453 883 532 948 item
560 882 792 964 compilatoris,
826 880 995 947 deducitur
1026 880 1110 947 hunc
1140 879 1382 961 compilatorem
1409 880 1549 944 omnium

330 1009 401 1057 esse
424 989 553 1057 fontem.
600 989 686 1071 quod
715 988 777 1054 tibi
800 987 955 1054 accidisse
983 987 1125 1053 arbitror
1153 988 1186 1052 in
1211 985 1338 1066 Sabino,
1362 985 1492 1051 rhetore
1516 990 1549 1050 et

329 1097 483 1163 historico
508 1097 653 1179 (scripsit
677 1095 762 1160 enirn
784 1093 919 1159 Periclis
942 1093 1055 1179 vitam)
1078 1093 1283 1159 Hadrianeae
1306 1093 1435 1158 aetatis.
1472 1093 1549 1158 Dio·

331 1223 428 1286 genes
448 1204 482 1268 in
497 1201 653 1268 laterculo
670 1199 899 1282 discipulorum
917 1199 1060 1265 Platonis
1085 1200 1146 1283 (ΠΙ
1161 1201 1218 1281 47)
1241 1198 1321 1265 haec
1343 1198 1442 1265 habet
1458 1197 1550 1263 Ὑπε-

330 1310 436 1396 ρείδην
458 1310 517 1375 τὸν
539 1307 657 1394 ῥήτορα
680 1305 877 1390 Χαμαιλέων
900 1305 976 1392 φησὶ
998 1306 1052 1369 καί
1075 1307 1277 1389 Λυκοῦργον·
1309 1302 1425 1390 ὁμοίως
1449 1307 1550 1371 Πολέ-

330 1437 400 1500 μων
428 1414 559 1501 ἱστορεῖ·
588 1413 643 1477 καὶ
673 1416 886 1499 Δημοσθένην
912 1413 1052 1494 Σαβῖνος
1080 1410 1180 1493 λέγει,
1212 1414 1463 1497 Μνησίστρατον
1493 1409 1551 1478 τὸν

332 1519 458 1588 Θάσιον
491 1523 738 1608 παραθέμενος,
780 1518 816 1584 ἒν
849 1516 986 1605 τετάρτῳ
1019 1517 1219 1604 μελετητικῆς
1253 1514 1329 1603 ὕλης
1365 1519 1427 1600 (ita
1466 1519 1550 1585 enim

331 1628 622 1710 distinguendum),
653 1626 707 1690 καὶ
727 1622 809 1701 εἰκός
832 1625 926 1691 ἐστιν.
973 1625 1112 1692 recurrit
1135 1626 1221 1707 apud
1242 1624 1385 1706 reliquos
1409 1625 1551 1698 eiusdem

331 1735 418 1801 vitae
441 1734 628 1800 Platonicae
656 1733 855 1800 breviatores
879 1731 1127 1812 Demosthenes
1157 1732 1242 1798 unde
1264 1736 1301 1797 tu
1324 1730 1469 1814 deducio,
1495 1732 1551 1799 Sa-

332 1841 399 1906 bini
421 1842 608 1907 memoriam
635 1840 723 1906 vitae
751 1839 800 1905 illi
826 1837 970 1919 infuisse,
999 1843 1097 1921 atque
1126 1843 1268 1904 aetatem
1291 1836 1415 1905 definis.
1461 1840 1551 1922 atqui

332 1946 418 2012 fama
453 1948 492 2013 de
522 1946 739 2013 Demosthene
773 1946 919 2012 Platonis
954 1945 1110 2027 discipulo
1145 1964 1241 2028 quam
1275 1945 1416 2028 vulgaris
1443 1944 1550 2029 merit,

333 2055 403 2136 ipsc
427 2054 547 2135 optime
575 2053 675 2119 habes
704 2057 911 2135 compertum.
959 2052 1071 2133 quidni
1093 2070 1146 2117 res
1166 2050 1300 2118 infuisse
1323 2057 1432 2134 potest
1455 2054 1550 2134 vitae,

333 2165 450 2226 testem
479 2161 638 2226 novicium
667 2161 706 2226 de
738 2178 795 2228 sno
827 2159 989 2224 addidisse
1017 2158 1200 2240 Diogenes?
1234 2178 1298 2226 non
1326 2159 1397 2225 dico
1429 2165 1551 2226 certum

333 2266 393 2332 hoc
417 2284 498 2347 esse,
528 2267 586 2331 sed
608 2263 679 2331 fieri
709 2265 770 2330 hoe
798 2283 924 2347 quoque
947 2271 1070 2347 potest,
1100 2270 1133 2330 et
1162 2266 1238 2347 quia
1259 2263 1330 2330 fieri
1358 2271 1467 2347 potest
1488 2285 1552 2332 non

334 2377 400 2438 stat
428 2371 588 2438 conclusio
616 2377 682 2439 tna.
731 2374 850 2439 certius
878 2373 1031 2438 iudicium
1058 2373 1091 2437 in
1115 2372 1178 2437 alio
1206 2372 1334 2438 homine
1356 2372 1441 2439 ferre
1464 2374 1550 2454 licet,

334 2477 596 2544 MYRONIANO.
650 2496 745 2559 quem
780 2497 800 2543 a
829 2479 974 2560 Diogene
1007 2479 1125 2545 lectum
1160 2477 1310 2544 adfirmat
1343 2480 1552 2560 Bahnschins,

333 2605 432 2669 negas
455 2592 500 2652 tu.
548 2603 622 2649 narn
652 2602 761 2651 servos
789 2584 998 2668 philosophos
1026 2586 1213 2669 Pompylum
1244 2591 1277 2650 et
1300 2585 1385 2668 Myn,
1410 2604 1490 2668 quos
1513 2604 1552 2651 ex

334 2711 372 2758 eo
400 2691 499 2757 habet
521 2690 682 2771 Diogenes
705 2692 749 2775 (V
773 2692 825 2758 36.
850 2693 881 2757 X
904 2691 947 2777 3),
976 2693 1084 2758 redire
1112 2692 1196 2774 apud
1225 2692 1364 2758 Gelhum
1387 2693 1419 2758 11
1445 2693 1495 2774 18,
1519 2691 1553 2758 id

335 2815 406 2863 esse
429 2797 515 2879 apud
543 2797 745 2863 Favorinum.
794 2799 865 2879 sed,
896 2799 1025 2879 amabo,
1053 2799 1138 2865 unde
1167 2799 1244 2880 scis,
1270 2799 1408 2865 Gellium
1436 2799 1482 2864 ibi
1504 2798 1553 2865 uti

335 2903 512 2985 Omnigena
535 2903 702 2968 Historia?
747 2908 856 2970 tamne
883 2904 1072 2971 incredibile
1101 2925 1173 2972 eum
1202 2904 1252 2970 uti
1280 2910 1337 2971 aut
1364 2905 1552 2988 Myroniano

335 3015 391 3075 aut
413 3009 582 3091 Hermippi
611 3010 734 3092 Berytii
763 3012 869 3093 amplo
898 3012 938 3077 de
967 3012 1068 3077 servis
1096 3011 1251 3077 litteratis
1280 3013 1399 3093 opere?
1433 3012 1490 3077 sed
1517 3015 1554 3077 ut

333 3116 484 3184 Favorini
506 3115 586 3181 illud
610 3117 666 3182 sit:
692 3117 768 3200 quid
791 3117 825 3183 id
848 3119 889 3184 ad
912 3118 1156 3201 Myronianum?
1182 3136 1287 3184 nonne
1311 3121 1344 3183 et
1367 3117 1419 3183 hic
1443 3123 1475 3184 et
1498 3117 1554 3183 ille

335 3229 368 3288 et
391 3226 549 3305 quotquot
578 3223 721 3304 quamvis
750 3223 901 3289 imbecilli
930 3223 1076 3290 homines
1098 3243 1201 3307 nugas
1225 3225 1383 3290 extricare
1407 3225 1554 3306 concupi-

334 3335 450 3396 uenmt
472 3330 557 3395 idem
581 3331 742 3413 conligere
765 3335 940 3413 potuerunt
963 3349 1001 3396 ex
1024 3332 1227 3398 testamentis
1245 3330 1457 3413 Theophrasti
1482 3331 1553 3413 (54)

336 3442 369 3502 et
392 3436 523 3518 Epicuri
547 3437 639 3521 (illi
670 3442 783 3503 contra
810 3438 896 3503 haud
920 3438 1103 3520 ambiguum
1127 3439 1167 3504 de
1191 3439 1379 3522 Myroniano
1403 3438 1554 3504 indicium

335 3543 413 3609 ferri
435 3547 545 3625 potest
568 3561 606 3607 ex
622 3543 768 3609 Platonis
790 3545 858 3610 vita
881 3547 933 3610 40.
981 3549 1132 3611 humatur
1154 3545 1201 3610 ibi
1225 3564 1264 3611 cx
1285 3545 1443 3611 Favorino
1467 3563 1553 3610 mors

335 3649 491 3729 Platonis,
516 3667 533 3714 e
557 3648 762 3732 Theopompo
786 3651 855 3733 (qui
871 3651 1028 3720 Favorino
1053 3652 1202 3737 debetur)
1226 3652 1409 3734 Philippum
1426 3652 1553 3717 Platoni

335 3761 524 3839 parentasse
553 3756 614 3841 (ita
645 3756 729 3822 enim
759 3757 878 3838 scribo)
905 3754 960 3843 ὑφ’
991 3751 1028 3824 οὗ
1055 3758 1110 3821 καὶ
1137 3757 1219 3843 [ἐπι]
1246 3763 1428 3844 τιμηθῆναί
1455 3773 1554 3845 φησιν

336 3859 437 3930 αὐτὸν
464 3861 671 3947 Θεόπομπος·
704 3868 791 3949 Μορ.
820 3863 850 3928 δ’
882 3863 919 3929 ἓν
940 3862 1081 3947 Ὁμοίοις
1109 3865 1186 3952 φησί
1217 3865 1349 3930 Φίλωνα
1378 3869 1554 3951 παροιμίας

335 3966 547 4056 μνημονεύειν
568 3969 641 4055 περὶ
662 3971 728 4035 τοῖν
746 3966 920 4044 Πλάτωνος
943 3970 1091 4058 φθειρῶν
1115 3967 1156 4046 ὡς
1178 3968 1276 4047 οὕτως
1291 3966 1391 4038 αὐτοῦ
1414 3969 1554 4056 τελεστή-

336 4091 467 4151 σαντος·
496 4075 549 4139 καί
572 4074 675 4161 ἐτάφη
699 4074 735 4141 ἒν
750 4071 952 4159 Ἀκαδημείᾳ
976 4074 1036 4142 κτὲ.
1095 4079 1231 4161 siquod
1255 4078 1342 4144 aliud
1368 4077 1430 4144 hoc
1452 4080 1554 4144 intru-

337 4203 392 4251 sae
407 4181 607 4262 ineptissime
622 4182 818 4247 narrationis
833 4181 1013 4264 exemplum
1028 4184 1233 4251 luculentum.
1273 4191 1369 4268 atque
1384 4185 1554 4252 tenendem

337 4297 388 4358 est
410 4288 603 4371 praecedere
618 4288 812 4356 Favorinum
834 4288 948 4354 iterna
968 4289 1112 4373 Diogene
1127 4291 1254 4357 lectum.
1295 4311 1334 4358 ex
1355 4291 1416 4360 hoc
1438 4293 1553 4375 laqueo

337 4402 370 4462 te
394 4393 538 4462 servabis
562 4395 623 4476 ita,
651 4400 688 4461 ut
717 4394 940 4478 Myronianum
968 4415 1098 4464 revoces
1126 4399 1167 4464 nd
1196 4398 1395 4466 Favorinum.
1448 4400 1553 4484 audio,
