<?xml version="1.0" encoding="UTF-8"?>
<!DOCTYPE html PUBLIC "-//W3C//DTD XHTML 1.0 Transitional//EN"
    "http://www.w3.org/TR/xhtml1/DTD/xhtml1-transitional.dtd">
<html xmlns="http://www.w3.org/1999/xhtml" xml:lang="en" lang="en">
 <head>
  <title>
</title>
<meta http-equiv="Content-Type" content="text/html;charset=utf-8" />
  <meta name='ocr-system' content='tesseract 3.04.00' />
  <meta name='ocr-capabilities' content='ocr_page ocr_carea ocr_par ocr_line ocrx_word'/>
</head>
<body>
  <div class='ocr_page' id='page_1' title='image "./debiographisgra00maasgoog_0023.png"; bbox 0 0 3516 5272; ppageno 0'>
   <div class='ocr_carea' id='block_1_1' title="bbox 324 482 366 543">
    <p class='ocr_par' dir='ltr' id='par_1_1' title="bbox 324 482 366 543">
     <span class='ocr_line' id='line_1_1' title="bbox 324 482 366 543; baseline 0 0"><span class='ocrx_word' id='word_1_1' title='bbox 324 482 366 543; x_wconf 83' lang='lat'><strong>14</strong></span> 
     </span>
    </p>
   </div>
   <div class='ocr_carea' id='block_1_2' title="bbox 321 650 1555 1064">
    <p class='ocr_par' dir='ltr' id='par_1_2' title="bbox 321 650 1555 1064">
     <span class='ocr_line' id='line_1_2' title="bbox 327 650 1555 740; baseline -0.001 -20"><span class='ocrx_word' id='word_1_2' title='bbox 327 656 413 740; x_wconf 60' lang='lat'><strong>162}</strong></span> <span class='ocrx_word' id='word_1_3' title='bbox 461 656 512 722; x_wconf 89' lang='lat' dir='ltr'><strong>lta</strong></span> <span class='ocrx_word' id='word_1_4' title='bbox 542 656 625 721; x_wconf 91' lang='lat' dir='ltr'><strong>enim</strong></span> <span class='ocrx_word' id='word_1_5' title='bbox 657 655 826 720; x_wconf 88' lang='lat' dir='ltr'><strong>scribenda</strong></span> <span class='ocrx_word' id='word_1_6' title='bbox 854 660 930 720; x_wconf 88' lang='lat' dir='ltr'><strong>sunt</strong></span> <span class='ocrx_word' id='word_1_7' title='bbox 959 655 1058 720; x_wconf 87' lang='lat' dir='ltr'><strong>verba</strong></span> <span class='ocrx_word' id='word_1_8' title='bbox 1088 660 1121 720; x_wconf 88' lang='lat' dir='ltr'><strong>et</strong></span> <span class='ocrx_word' id='word_1_9' title='bbox 1148 656 1317 721; x_wconf 86' lang='lat' dir='ltr'><strong>vertenda:</strong></span> <span class='ocrx_word' id='word_1_10' title='bbox 1343 650 1379 720; x_wconf 79' lang='grc' dir='ltr'><strong>ἐν</strong></span> <span class='ocrx_word' id='word_1_11' title='bbox 1408 651 1555 730; x_wconf 73' lang='grc' dir='ltr'><strong><em>οὖντοῖς</em></strong></span> 
     </span>
     <span class='ocr_line' id='line_1_3' title="bbox 322 759 1549 847; baseline 0 -21"><span class='ocrx_word' id='word_1_12' title='bbox 322 763 460 842; x_wconf 74' lang='grc' dir='ltr'><em>λογικοῖς</em></span> <span class='ocrx_word' id='word_1_13' title='bbox 483 762 587 828; x_wconf 76' lang='grc' dir='ltr'><strong><em>ταῦτα’</em></strong></span> <span class='ocrx_word' id='word_1_14' title='bbox 610 785 645 826; x_wconf 81' lang='grc' dir='ltr'><strong>τε</strong></span> <span class='ocrx_word' id='word_1_15' title='bbox 667 759 779 837; x_wconf 76' lang='grc' dir='ltr'><strong><em>αὐτοῖς</em></strong></span> <span class='ocrx_word' id='word_1_16' title='bbox 804 763 892 826; x_wconf 80' lang='grc' dir='ltr'><strong><em>δοκεῖ</em></strong></span> <span class='ocrx_word' id='word_1_17' title='bbox 913 761 1152 847; x_wconf 80' lang='grc' dir='ltr'><strong><em>κεφαλαιωδῶς</em></strong></span> <span class='ocrx_word' id='word_1_18' title='bbox 1173 767 1228 826; x_wconf 74' lang='grc' dir='ltr'><strong>καὶ</strong></span> <span class='ocrx_word' id='word_1_19' title='bbox 1253 799 1295 810; x_wconf 84' lang='grc'><strong>-</strong></span> <span class='ocrx_word' id='word_1_20' title='bbox 1318 770 1374 828; x_wconf 79' lang='lat' dir='ltr'><strong>iou</strong></span> <span class='ocrx_word' id='word_1_21' title='bbox 1397 767 1452 826; x_wconf 76' lang='lat' dir='ltr'><strong>rui</strong></span> <span class='ocrx_word' id='word_1_22' title='bbox 1467 767 1549 826; x_wconf 78' lang='grc' dir='ltr'><strong><em>κακοὶ</em></strong></span> 
     </span>
     <span class='ocr_line' id='line_1_4' title="bbox 321 867 1552 956; baseline -0.001 -22"><span class='ocrx_word' id='word_1_23' title='bbox 321 875 415 955; x_wconf 81' lang='grc' dir='ltr'><strong><em>μέρος</em></strong></span> <span class='ocrx_word' id='word_1_24' title='bbox 438 873 579 955; x_wconf 80' lang='grc' dir='ltr'><strong><em>εἴποιμεν</em></strong></span> <span class='ocrx_word' id='word_1_25' title='bbox 604 909 636 917; x_wconf 98' lang='grc'>-</span> <span class='ocrx_word' id='word_1_26' title='bbox 658 871 712 933; x_wconf 79' lang='grc' dir='ltr'><strong>καὶ</strong></span> <span class='ocrx_word' id='word_1_27' title='bbox 734 867 822 954; x_wconf 81' lang='lat' dir='ltr'><strong>acide,</strong></span> <span class='ocrx_word' id='word_1_28' title='bbox 847 867 929 956; x_wconf 79' lang='grc' dir='ltr'><em>ἅπερ</em></span> <span class='ocrx_word' id='word_1_29' title='bbox 952 870 1061 936; x_wconf 75' lang='grc' dir='ltr'><strong><em>αὐτῶν</em></strong></span> <span class='ocrx_word' id='word_1_30' title='bbox 1083 872 1128 946; x_wconf 77' lang='grc' dir='ltr'><strong>εἷς</strong></span> <span class='ocrx_word' id='word_1_31' title='bbox 1150 868 1207 954; x_wconf 72' lang='grc' dir='ltr'><strong>τὴν</strong></span> <span class='ocrx_word' id='word_1_32' title='bbox 1229 869 1441 956; x_wconf 74' lang='grc' dir='ltr'><strong>εἰσαγωγικὴν</strong></span> <span class='ocrx_word' id='word_1_33' title='bbox 1460 874 1552 936; x_wconf 71' lang='grc' dir='ltr'><strong><em>τείνει</em></strong></span> 
     </span>
     <span class='ocr_line' id='line_1_5' title="bbox 321 976 1553 1064; baseline -0.001 -22"><span class='ocrx_word' id='word_1_34' title='bbox 321 982 434 1064; x_wconf 79' lang='grc' dir='ltr'><strong><em>τέχνην</em></strong></span> <span class='ocrx_word' id='word_1_35' title='bbox 474 985 528 1042; x_wconf 79' lang='grc' dir='ltr'><strong>καὶ</strong></span> <span class='ocrx_word' id='word_1_36' title='bbox 559 976 641 1042; x_wconf 71' lang='grc' dir='ltr'><strong>αὐτὰ</strong></span> <span class='ocrx_word' id='word_1_37' title='bbox 676 977 729 1042; x_wconf 76' lang='grc' dir='ltr'><strong>ἐπὶ</strong></span> <span class='ocrx_word' id='word_1_38' title='bbox 770 979 882 1056; x_wconf 80' lang='grc' dir='ltr'><strong><em>λέξεως</em></strong></span> <span class='ocrx_word' id='word_1_39' title='bbox 922 983 1033 1063; x_wconf 76' lang='grc' dir='ltr'><strong><em>τίθησι</em></strong></span> <span class='ocrx_word' id='word_1_40' title='bbox 1069 979 1207 1063; x_wconf 77' lang='grc' dir='ltr'><strong><em>Διοκλῆς</em></strong></span> <span class='ocrx_word' id='word_1_41' title='bbox 1234 977 1252 1044; x_wconf 82' lang='grc' dir='ltr'><strong><em>ὁ</em></strong></span> <span class='ocrx_word' id='word_1_42' title='bbox 1282 977 1417 1064; x_wconf 80' lang='grc' dir='ltr'><strong><em>Μάγνης</em></strong></span> <span class='ocrx_word' id='word_1_43' title='bbox 1451 979 1553 1058; x_wconf 73' lang='grc' dir='ltr'><strong><em>λέγων</em></strong></span> 
     </span>
    </p>
   </div>
   <div class='ocr_carea' id='block_1_3' title="bbox 321 1082 1571 4048">
    <p class='ocr_par' dir='ltr' id='par_1_3' title="bbox 321 1082 1552 1596">
     <span class='ocr_line' id='line_1_6' title="bbox 322 1082 1552 1171; baseline 0 -21"><span class='ocrx_word' id='word_1_44' title='bbox 322 1082 454 1171; x_wconf 45' lang='lat' dir='ltr'><strong>cited)</strong></span> <span class='ocrx_word' id='word_1_45' title='bbox 477 1088 541 1152; x_wconf 83' lang='grc' dir='ltr'><strong><em>κτλ.</em></strong></span> <span class='ocrx_word' id='word_1_46' title='bbox 578 1088 621 1150; x_wconf 88' lang='lat' dir='ltr'><strong>Iu</strong></span> <span class='ocrx_word' id='word_1_47' title='bbox 644 1084 762 1170; x_wconf 74' lang='lat' dir='ltr'><strong>logicis</strong></span> <span class='ocrx_word' id='word_1_48' title='bbox 776 1085 890 1169; x_wconf 54' lang='lat' dir='ltr'><strong>egetur</strong></span> <span class='ocrx_word' id='word_1_49' title='bbox 903 1092 936 1149; x_wconf 78' lang='lat' dir='ltr'><strong>et</strong></span> <span class='ocrx_word' id='word_1_50' title='bbox 947 1087 1025 1150; x_wconf 81' lang='lat' dir='ltr'><strong>hoec</strong></span> <span class='ocrx_word' id='word_1_51' title='bbox 1039 1086 1174 1170; x_wconf 79' lang='lat' dir='ltr'><em>placent</em></span> <span class='ocrx_word' id='word_1_52' title='bbox 1186 1091 1218 1150; x_wconf 82' lang='lat' dir='ltr'><strong>et</strong></span> <span class='ocrx_word' id='word_1_53' title='bbox 1236 1125 1275 1132; x_wconf 94' lang='lat'><em>-</em></span> <span class='ocrx_word' id='word_1_54' title='bbox 1294 1092 1335 1150; x_wconf 85' lang='lat' dir='ltr'><strong>ut</strong></span> <span class='ocrx_word' id='word_1_55' title='bbox 1346 1085 1552 1170; x_wconf 69' lang='lat' dir='ltr'><strong>singillatim</strong></span> 
     </span>
     <span class='ocr_line' id='line_1_7' title="bbox 321 1191 1551 1278; baseline 0 -22"><span class='ocrx_word' id='word_1_56' title='bbox 321 1215 450 1277; x_wconf 83' lang='lat' dir='ltr'><strong>quoque</strong></span> <span class='ocrx_word' id='word_1_57' title='bbox 466 1201 711 1278; x_wconf 76' lang='lat' dir='ltr'><em>persequamur</em></span> <span class='ocrx_word' id='word_1_58' title='bbox 734 1231 778 1239; x_wconf 89' lang='lat'><em>-</em></span> <span class='ocrx_word' id='word_1_59' title='bbox 800 1191 899 1256; x_wconf 78' lang='lat' dir='ltr'><strong>etrum</strong></span> <span class='ocrx_word' id='word_1_60' title='bbox 922 1194 1010 1265; x_wconf 79' lang='lat' dir='ltr'><strong>leaeo,</strong></span> <span class='ocrx_word' id='word_1_61' title='bbox 1036 1213 1121 1276; x_wconf 85' lang='lat' dir='ltr'><strong>quoe</strong></span> <span class='ocrx_word' id='word_1_62' title='bbox 1142 1193 1189 1256; x_wconf 82' lang='lat' dir='ltr'><strong>ad</strong></span> <span class='ocrx_word' id='word_1_63' title='bbox 1207 1191 1432 1258; x_wconf 75' lang='lat' dir='ltr'><strong>zustr&#39;tute&#39;oues</strong></span> <span class='ocrx_word' id='word_1_64' title='bbox 1446 1199 1551 1258; x_wconf 85' lang='lat' dir='ltr'><strong>ortem</strong></span> 
     </span>
     <span class='ocr_line' id='line_1_8' title="bbox 321 1298 1552 1385; baseline 0.002 -23"><span class='ocrx_word' id='word_1_65' title='bbox 321 1299 499 1364; x_wconf 74' lang='lat' dir='ltr'><em>stoicorum</em></span> <span class='ocrx_word' id='word_1_66' title='bbox 510 1299 684 1385; x_wconf 79' lang='lat' dir='ltr'><strong>pertrueut</strong></span> <span class='ocrx_word' id='word_1_67' title='bbox 696 1321 842 1384; x_wconf 85' lang='lat' dir='ltr'><strong>quaeque</strong></span> <span class='ocrx_word' id='word_1_68' title='bbox 852 1298 987 1363; x_wconf 70' lang='grc' dir='ltr'><strong><em>Πιονίαι</em></strong></span> <span class='ocrx_word' id='word_1_69' title='bbox 999 1298 1037 1362; x_wconf 83' lang='lat' dir='ltr'><strong>e&#39;u</strong></span> <span class='ocrx_word' id='word_1_70' title='bbox 1047 1298 1324 1384; x_wconf 73' lang='lat' dir='ltr'><strong>phelosopleoruru</strong></span> <span class='ocrx_word' id='word_1_71' title='bbox 1334 1299 1552 1385; x_wconf 73' lang='lat' dir='ltr'><em>percursione</em></span> 
     </span>
     <span class='ocr_line' id='line_1_9' title="bbox 321 1405 1552 1491; baseline 0.001 -22"><span class='ocrx_word' id='word_1_72' title='bbox 321 1408 368 1469; x_wconf 84' lang='lat' dir='ltr'><strong>ad</strong></span> <span class='ocrx_word' id='word_1_73' title='bbox 399 1408 533 1471; x_wconf 85' lang='lat' dir='ltr'><strong>verbum</strong></span> <span class='ocrx_word' id='word_1_74' title='bbox 564 1407 613 1470; x_wconf 83' lang='lat' dir='ltr'><strong>su</strong></span> <span class='ocrx_word' id='word_1_75' title='bbox 640 1405 741 1491; x_wconf 76' lang='lat' dir='ltr'><strong>pouit</strong></span> <span class='ocrx_word' id='word_1_76' title='bbox 772 1412 827 1470; x_wconf 83' lang='lat' dir='ltr'><strong>etc.</strong></span> <span class='ocrx_word' id='word_1_77' title='bbox 881 1407 1030 1471; x_wconf 83' lang='lat' dir='ltr'><strong>Proxima</strong></span> <span class='ocrx_word' id='word_1_78' title='bbox 1064 1407 1165 1488; x_wconf 82' lang='lat' dir='ltr'><strong>igitur</strong></span> <span class='ocrx_word' id='word_1_79' title='bbox 1199 1407 1318 1487; x_wconf 83' lang='lat' dir='ltr'>Diocli,</span> <span class='ocrx_word' id='word_1_80' title='bbox 1352 1408 1462 1487; x_wconf 88' lang='lat' dir='ltr'><strong>priora</strong></span> <span class='ocrx_word' id='word_1_81' title='bbox 1497 1407 1552 1471; x_wconf 88' lang='lat' dir='ltr'><strong>alii</strong></span> 
     </span>
     <span class='ocr_line' id='line_1_10' title="bbox 323 1515 1180 1596; baseline 0 -17"><span class='ocrx_word' id='word_1_82' title='bbox 323 1517 430 1580; x_wconf 89' lang='lat' dir='ltr'><strong>nescio</strong></span> <span class='ocrx_word' id='word_1_83' title='bbox 456 1516 506 1579; x_wconf 89' lang='lat' dir='ltr'><strong>oui</strong></span> <span class='ocrx_word' id='word_1_84' title='bbox 530 1516 700 1580; x_wconf 84' lang='lat' dir='ltr'><strong>debentur:</strong></span> <span class='ocrx_word' id='word_1_85' title='bbox 726 1515 830 1596; x_wconf 89' lang='lat' dir='ltr'><strong>quode</strong></span> <span class='ocrx_word' id='word_1_86' title='bbox 854 1515 989 1595; x_wconf 87' lang='lat' dir='ltr'><strong>posthac</strong></span> <span class='ocrx_word' id='word_1_87' title='bbox 1013 1515 1180 1579; x_wconf 84' lang='lat' dir='ltr'><strong>disseram.</strong></span> 
     </span>
    </p>

    <p class='ocr_par' dir='ltr' id='par_1_4' title="bbox 322 1622 1571 4048">
     <span class='ocr_line' id='line_1_11' title="bbox 413 1622 1551 1702; baseline -0.003 -14"><span class='ocrx_word' id='word_1_88' title='bbox 413 1624 513 1688; x_wconf 90' lang='lat' dir='ltr'><strong>Porro</strong></span> <span class='ocrx_word' id='word_1_89' title='bbox 543 1623 752 1688; x_wconf 85' lang='lat' dir='ltr'><strong>Nietzscheus</strong></span> <span class='ocrx_word' id='word_1_90' title='bbox 788 1623 970 1688; x_wconf 86' lang='lat' dir='ltr'><strong>universam</strong></span> <span class='ocrx_word' id='word_1_91' title='bbox 1002 1623 1232 1702; x_wconf 80' lang='lat' dir='ltr'><strong>Epicureorum</strong></span> <span class='ocrx_word' id='word_1_92' title='bbox 1267 1622 1446 1697; x_wconf 80' lang='lat' dir='ltr'><strong>doctrinam</strong></span> <span class='ocrx_word' id='word_1_93' title='bbox 1481 1639 1551 1686; x_wconf 89' lang='lat' dir='ltr'><strong>esse</strong></span> 
     </span>
     <span class='ocr_line' id='line_1_12' title="bbox 324 1729 1550 1811; baseline -0.002 -17"><span class='ocrx_word' id='word_1_94' title='bbox 324 1731 488 1795; x_wconf 91' lang='lat' dir='ltr'><strong>Diocleam</strong></span> <span class='ocrx_word' id='word_1_95' title='bbox 505 1732 678 1795; x_wconf 73' lang='lat' dir='ltr'><strong>contendit.</strong></span> <span class='ocrx_word' id='word_1_96' title='bbox 697 1765 741 1782; x_wconf 73' lang='lat'><strong>—-</strong></span> <span class='ocrx_word' id='word_1_97' title='bbox 757 1731 875 1795; x_wconf 91' lang='lat' dir='ltr'><strong>Verum</strong></span> <span class='ocrx_word' id='word_1_98' title='bbox 893 1735 942 1794; x_wconf 89' lang='lat' dir='ltr'><strong>est</strong></span> <span class='ocrx_word' id='word_1_99' title='bbox 958 1730 1102 1794; x_wconf 87' lang='lat' dir='ltr'><strong>Dioclem</strong></span> <span class='ocrx_word' id='word_1_100' title='bbox 1118 1729 1249 1811; x_wconf 86' lang='lat' dir='ltr'><strong>Epicuri</strong></span> <span class='ocrx_word' id='word_1_101' title='bbox 1270 1729 1418 1794; x_wconf 79' lang='lat' dir='ltr'><strong>laudasse</strong></span> <span class='ocrx_word' id='word_1_102' title='bbox 1435 1747 1550 1796; x_wconf 89' lang='lat' dir='ltr'><strong>mores.</strong></span> 
     </span>
     <span class='ocr_line' id='line_1_13' title="bbox 323 1836 1571 1919; baseline -0.002 -16"><span class='ocrx_word' id='word_1_103' title='bbox 323 1838 401 1903; x_wconf 91' lang='lat' dir='ltr'><strong>Inde</strong></span> <span class='ocrx_word' id='word_1_104' title='bbox 434 1839 460 1902; x_wconf 91' lang='lat' dir='ltr'><strong>si</strong></span> <span class='ocrx_word' id='word_1_105' title='bbox 491 1838 568 1919; x_wconf 88' lang='lat' dir='ltr'><strong>quid</strong></span> <span class='ocrx_word' id='word_1_106' title='bbox 595 1839 626 1902; x_wconf 92' lang='lat' dir='ltr'><strong>in</strong></span> <span class='ocrx_word' id='word_1_107' title='bbox 652 1837 725 1902; x_wconf 89' lang='lat' dir='ltr'><strong>illos</strong></span> <span class='ocrx_word' id='word_1_108' title='bbox 748 1837 882 1902; x_wconf 90' lang='lat' dir='ltr'><strong>nimium</strong></span> <span class='ocrx_word' id='word_1_109' title='bbox 905 1838 1046 1901; x_wconf 89' lang='lat' dir='ltr'><strong>studium</strong></span> <span class='ocrx_word' id='word_1_110' title='bbox 1070 1855 1149 1918; x_wconf 89' lang='lat' dir='ltr'><strong>prae</strong></span> <span class='ocrx_word' id='word_1_111' title='bbox 1173 1855 1208 1901; x_wconf 92' lang='lat' dir='ltr'><strong>se</strong></span> <span class='ocrx_word' id='word_1_112' title='bbox 1231 1836 1295 1901; x_wconf 87' lang='lat' dir='ltr'><strong>fert</strong></span> <span class='ocrx_word' id='word_1_113' title='bbox 1319 1837 1404 1917; x_wconf 89' lang='lat' dir='ltr'><strong>apud</strong></span> <span class='ocrx_word' id='word_1_114' title='bbox 1428 1836 1571 1901; x_wconf 47' lang='lat' dir='ltr'><strong>Laertis</strong></span> 
     </span>
     <span class='ocr_line' id='line_1_14' title="bbox 322 1942 1552 2025; baseline -0.002 -15"><span class='ocrx_word' id='word_1_115' title='bbox 322 1965 391 2025; x_wconf 87' lang='lat' dir='ltr'><strong>um,</strong></span> <span class='ocrx_word' id='word_1_116' title='bbox 423 1946 554 2010; x_wconf 87' lang='lat' dir='ltr'><strong>subesse</strong></span> <span class='ocrx_word' id='word_1_117' title='bbox 578 1945 722 2010; x_wconf 82' lang='lat' dir='ltr'><strong>Dioclem</strong></span> <span class='ocrx_word' id='word_1_118' title='bbox 749 1944 878 2010; x_wconf 87' lang='lat' dir='ltr'><strong>fortiter</strong></span> <span class='ocrx_word' id='word_1_119' title='bbox 908 1942 1066 2008; x_wconf 88' lang='lat' dir='ltr'><strong>adfirmat.</strong></span> <span class='ocrx_word' id='word_1_120' title='bbox 1114 1945 1179 2008; x_wconf 90' lang='lat' dir='ltr'><strong>Res</strong></span> <span class='ocrx_word' id='word_1_121' title='bbox 1202 1963 1262 2024; x_wconf 89' lang='lat' dir='ltr'><strong>per</strong></span> <span class='ocrx_word' id='word_1_122' title='bbox 1285 1962 1319 2008; x_wconf 90' lang='lat' dir='ltr'><strong>se</strong></span> <span class='ocrx_word' id='word_1_123' title='bbox 1348 1943 1476 2025; x_wconf 88' lang='lat' dir='ltr'><strong>quidem</strong></span> <span class='ocrx_word' id='word_1_124' title='bbox 1505 1944 1552 2008; x_wconf 89' lang='lat' dir='ltr'><strong>ita</strong></span> 
     </span>
     <span class='ocr_line' id='line_1_15' title="bbox 324 2049 1552 2134; baseline -0.001 -17"><span class='ocrx_word' id='word_1_125' title='bbox 324 2071 359 2117; x_wconf 89' lang='lat' dir='ltr'><strong>se</strong></span> <span class='ocrx_word' id='word_1_126' title='bbox 383 2057 492 2134; x_wconf 89' lang='lat' dir='ltr'><strong>potest</strong></span> <span class='ocrx_word' id='word_1_127' title='bbox 515 2053 644 2131; x_wconf 77' lang='lat' dir='ltr'><strong>habere,</strong></span> <span class='ocrx_word' id='word_1_128' title='bbox 670 2072 726 2116; x_wconf 89' lang='lat' dir='ltr'><strong>cur</strong></span> <span class='ocrx_word' id='word_1_129' title='bbox 750 2052 876 2131; x_wconf 81' lang='lat' dir='ltr'><strong>debeat,</strong></span> <span class='ocrx_word' id='word_1_130' title='bbox 902 2051 1071 2116; x_wconf 90' lang='lat' dir='ltr'><strong>obscurum</strong></span> <span class='ocrx_word' id='word_1_131' title='bbox 1095 2049 1148 2134; x_wconf 90' lang='lat' dir='ltr'><strong>[of.</strong></span> <span class='ocrx_word' id='word_1_132' title='bbox 1173 2071 1204 2131; x_wconf 90' lang='lat' dir='ltr'><strong>p.</strong></span> <span class='ocrx_word' id='word_1_133' title='bbox 1223 2051 1290 2134; x_wconf 74' lang='grc'><strong>20].</strong></span> <span class='ocrx_word' id='word_1_134' title='bbox 1337 2052 1356 2132; x_wconf 79' lang='lat'>§</span> <span class='ocrx_word' id='word_1_135' title='bbox 1381 2053 1399 2114; x_wconf 89' lang='lat'><strong>9</strong></span> <span class='ocrx_word' id='word_1_136' title='bbox 1424 2051 1552 2132; x_wconf 91' lang='lat' dir='ltr'><strong>quidem</strong></span> 
     </span>
     <span class='ocr_line' id='line_1_16' title="bbox 324 2157 1550 2239; baseline -0.002 -15"><span class='ocrx_word' id='word_1_137' title='bbox 324 2161 392 2224; x_wconf 91' lang='lat' dir='ltr'><strong>eius</strong></span> <span class='ocrx_word' id='word_1_138' title='bbox 416 2160 610 2223; x_wconf 84' lang='lat' dir='ltr'><strong>sententiam</strong></span> <span class='ocrx_word' id='word_1_139' title='bbox 632 2163 759 2223; x_wconf 88' lang='lat' dir='ltr'><strong>tantum</strong></span> <span class='ocrx_word' id='word_1_140' title='bbox 788 2159 880 2223; x_wconf 89' lang='lat' dir='ltr'><strong>abest</strong></span> <span class='ocrx_word' id='word_1_141' title='bbox 910 2163 946 2223; x_wconf 92' lang='lat' dir='ltr'><strong>ut</strong></span> <span class='ocrx_word' id='word_1_142' title='bbox 975 2157 1154 2237; x_wconf 84' lang='lat' dir='ltr'><strong>confirmet,</strong></span> <span class='ocrx_word' id='word_1_143' title='bbox 1183 2162 1221 2223; x_wconf 89' lang='lat' dir='ltr'><strong>ut</strong></span> <span class='ocrx_word' id='word_1_144' title='bbox 1250 2159 1359 2238; x_wconf 89' lang='lat' dir='ltr'><strong>potius</strong></span> <span class='ocrx_word' id='word_1_145' title='bbox 1388 2157 1550 2239; x_wconf 80' lang='lat' dir='ltr'><strong>infringat.</strong></span> 
     </span>
     <span class='ocr_line' id='line_1_17' title="bbox 324 2264 1552 2344; baseline -0.002 -14"><span class='ocrx_word' id='word_1_146' title='bbox 324 2266 407 2344; x_wconf 81' lang='lat' dir='ltr'><strong>Quid</strong></span> <span class='ocrx_word' id='word_1_147' title='bbox 442 2267 547 2331; x_wconf 87' lang='lat' dir='ltr'><strong>enim?</strong></span> <span class='ocrx_word' id='word_1_148' title='bbox 582 2265 710 2329; x_wconf 90' lang='lat' dir='ltr'><strong>scholae</strong></span> <span class='ocrx_word' id='word_1_149' title='bbox 742 2265 975 2328; x_wconf 88' lang='lat' dir='ltr'><strong>successionem</strong></span> <span class='ocrx_word' id='word_1_150' title='bbox 1010 2264 1052 2328; x_wconf 93' lang='lat' dir='ltr'><strong>ad</strong></span> <span class='ocrx_word' id='word_1_151' title='bbox 1087 2281 1145 2329; x_wconf 89' lang='lat' dir='ltr'><strong>sua</strong></span> <span class='ocrx_word' id='word_1_152' title='bbox 1178 2269 1325 2344; x_wconf 90' lang='lat' dir='ltr'><strong>tempora</strong></span> <span class='ocrx_word' id='word_1_153' title='bbox 1359 2265 1552 2344; x_wconf 84' lang='lat' dir='ltr'><strong>perdurasse</strong></span> 
     </span>
     <span class='ocr_line' id='line_1_18' title="bbox 323 2370 1551 2456; baseline -0.001 -19"><span class='ocrx_word' id='word_1_154' title='bbox 323 2373 535 2437; x_wconf 87' lang='lat' dir='ltr'><strong>iactabundus</strong></span> <span class='ocrx_word' id='word_1_155' title='bbox 571 2373 728 2454; x_wconf 82' lang='lat' dir='ltr'><strong>gloriatur</strong></span> <span class='ocrx_word' id='word_1_156' title='bbox 763 2372 921 2436; x_wconf 86' lang='lat' dir='ltr'><strong>Laertius.</strong></span> <span class='ocrx_word' id='word_1_157' title='bbox 976 2371 1026 2434; x_wconf 75' lang='lat' dir='ltr'><strong>At</strong></span> <span class='ocrx_word' id='word_1_158' title='bbox 1053 2377 1131 2455; x_wconf 81' lang='lat' dir='ltr'><strong>post</strong></span> <span class='ocrx_word' id='word_1_159' title='bbox 1156 2370 1312 2456; x_wconf 78' lang='lat' dir='ltr'><strong>prauum</strong></span> <span class='ocrx_word' id='word_1_160' title='bbox 1346 2393 1377 2435; x_wconf 88' lang='lat' dir='ltr'><strong>o.</strong></span> <span class='ocrx_word' id='word_1_161' title='bbox 1408 2373 1486 2436; x_wconf 79' lang='lat' dir='ltr'><strong>Cur.</strong></span> <span class='ocrx_word' id='word_1_162' title='bbox 1517 2395 1551 2436; x_wconf 91' lang='lat' dir='ltr'><strong>u.</strong></span> 
     </span>
     <span class='ocr_line' id='line_1_19' title="bbox 323 2476 1552 2563; baseline -0.003 -19"><span class='ocrx_word' id='word_1_163' title='bbox 323 2481 493 2544; x_wconf 84' lang='lat' dir='ltr'><strong>saeculum</strong></span> <span class='ocrx_word' id='word_1_164' title='bbox 517 2478 762 2563; x_wconf 79' lang='lat' dir='ltr'><strong>Epicureorum</strong></span> <span class='ocrx_word' id='word_1_165' title='bbox 786 2500 844 2542; x_wconf 85' lang='lat' dir='ltr'><strong>uec</strong></span> <span class='ocrx_word' id='word_1_166' title='bbox 865 2478 938 2541; x_wconf 86' lang='lat' dir='ltr'><strong>volo</strong></span> <span class='ocrx_word' id='word_1_167' title='bbox 962 2499 1019 2542; x_wconf 85' lang='lat' dir='ltr'><strong>uec</strong></span> <span class='ocrx_word' id='word_1_168' title='bbox 1041 2476 1252 2561; x_wconf 54' lang='lat' dir='ltr'><strong>cortegaem.</strong></span> <span class='ocrx_word' id='word_1_169' title='bbox 1277 2476 1417 2561; x_wconf 77' lang='lat' dir='ltr'><strong>Stuprde</strong></span> <span class='ocrx_word' id='word_1_170' title='bbox 1440 2477 1552 2562; x_wconf 68' lang='lat' dir='ltr'><strong>egreiur</strong></span> 
     </span>
     <span class='ocr_line' id='line_1_20' title="bbox 323 2583 1552 2667; baseline -0.001 -17"><span class='ocrx_word' id='word_1_171' title='bbox 323 2586 470 2651; x_wconf 78' lang='lat' dir='ltr'><strong>auctores</strong></span> <span class='ocrx_word' id='word_1_172' title='bbox 492 2587 588 2650; x_wconf 86' lang='lat' dir='ltr'><strong>uerba</strong></span> <span class='ocrx_word' id='word_1_173' title='bbox 610 2587 761 2650; x_wconf 76' lang='lat' dir='ltr'><strong>decantat</strong></span> <span class='ocrx_word' id='word_1_174' title='bbox 774 2583 943 2648; x_wconf 80' lang='lat' dir='ltr'><strong>Laerteus.</strong></span> <span class='ocrx_word' id='word_1_175' title='bbox 983 2586 1062 2650; x_wconf 85' lang='lat' dir='ltr'><strong>Esto</strong></span> <span class='ocrx_word' id='word_1_176' title='bbox 1087 2585 1247 2664; x_wconf 83' lang='lat' dir='ltr'><strong>decantet,</strong></span> <span class='ocrx_word' id='word_1_177' title='bbox 1270 2603 1462 2667; x_wconf 88' lang='lat' dir='ltr'><strong>quamquam</strong></span> <span class='ocrx_word' id='word_1_178' title='bbox 1478 2585 1552 2652; x_wconf 76' lang='lat' dir='ltr'><strong>falsi</strong></span> 
     </span>
     <span class='ocr_line' id='line_1_21' title="bbox 323 2691 1549 2774; baseline -0.001 -16"><span class='ocrx_word' id='word_1_179' title='bbox 323 2696 404 2759; x_wconf 90' lang='lat' dir='ltr'><strong>haee</strong></span> <span class='ocrx_word' id='word_1_180' title='bbox 432 2695 575 2760; x_wconf 86' lang='lat' dir='ltr'><strong>convinci</strong></span> <span class='ocrx_word' id='word_1_181' title='bbox 609 2698 718 2774; x_wconf 89' lang='lat' dir='ltr'><strong>potest</strong></span> <span class='ocrx_word' id='word_1_182' title='bbox 753 2693 870 2774; x_wconf 91' lang='lat' dir='ltr'><strong>opinio.</strong></span> <span class='ocrx_word' id='word_1_183' title='bbox 923 2694 967 2757; x_wconf 82' lang='lat' dir='ltr'><strong>At</strong></span> <span class='ocrx_word' id='word_1_184' title='bbox 996 2694 1023 2756; x_wconf 92' lang='lat' dir='ltr'><strong>si</strong></span> <span class='ocrx_word' id='word_1_185' title='bbox 1051 2698 1204 2774; x_wconf 85' lang='lat' dir='ltr'><strong>vergente</strong></span> <span class='ocrx_word' id='word_1_186' title='bbox 1232 2692 1335 2772; x_wconf 90' lang='lat' dir='ltr'><strong>primo</strong></span> <span class='ocrx_word' id='word_1_187' title='bbox 1367 2711 1395 2756; x_wconf 90' lang='lat' dir='ltr'><strong>a.</strong></span> <span class='ocrx_word' id='word_1_188' title='bbox 1422 2691 1494 2757; x_wconf 76' lang='lat' dir='ltr'><strong>Chr.</strong></span> <span class='ocrx_word' id='word_1_189' title='bbox 1520 2712 1549 2757; x_wconf 86' lang='lat'><strong>11.</strong></span> 
     </span>
     <span class='ocr_line' id='line_1_22' title="bbox 325 2798 1552 2881; baseline -0.002 -15"><span class='ocrx_word' id='word_1_190' title='bbox 325 2799 451 2867; x_wconf 88' lang='lat' dir='ltr'><strong>saeculo</strong></span> <span class='ocrx_word' id='word_1_191' title='bbox 477 2799 594 2866; x_wconf 87' lang='lat' dir='ltr'><strong>defecit</strong></span> <span class='ocrx_word' id='word_1_192' title='bbox 618 2800 727 2865; x_wconf 87' lang='lat' dir='ltr'><strong>schola</strong></span> <span class='ocrx_word' id='word_1_193' title='bbox 750 2801 891 2880; x_wconf 78' lang='lat' dir='ltr'><strong>Epicuri,</strong></span> <span class='ocrx_word' id='word_1_194' title='bbox 916 2798 987 2863; x_wconf 91' lang='lat' dir='ltr'><strong>fieri</strong></span> <span class='ocrx_word' id='word_1_195' title='bbox 1010 2819 1073 2865; x_wconf 88' lang='lat' dir='ltr'><strong>non</strong></span> <span class='ocrx_word' id='word_1_196' title='bbox 1096 2804 1214 2881; x_wconf 88' lang='lat' dir='ltr'><strong>potest,</strong></span> <span class='ocrx_word' id='word_1_197' title='bbox 1239 2804 1276 2863; x_wconf 90' lang='lat' dir='ltr'><strong>ut</strong></span> <span class='ocrx_word' id='word_1_198' title='bbox 1298 2803 1413 2879; x_wconf 89' lang='lat' dir='ltr'><strong>postea</strong></span> <span class='ocrx_word' id='word_1_199' title='bbox 1436 2800 1552 2865; x_wconf 85' lang='lat' dir='ltr'><strong>vixerit</strong></span> 
     </span>
     <span class='ocr_line' id='line_1_23' title="bbox 325 2906 1552 2991; baseline -0.003 -17"><span class='ocrx_word' id='word_1_200' title='bbox 325 2912 352 2975; x_wconf 90' lang='lat' dir='ltr'><strong>is</strong></span> <span class='ocrx_word' id='word_1_201' title='bbox 376 2911 430 2991; x_wconf 91' lang='lat' dir='ltr'><strong>qui</strong></span> <span class='ocrx_word' id='word_1_202' title='bbox 447 2909 693 2974; x_wconf 89' lang='lat' dir='ltr'><strong>diuturnitatem</strong></span> <span class='ocrx_word' id='word_1_203' title='bbox 710 2909 778 2972; x_wconf 87' lang='lat' dir='ltr'><strong>eius</strong></span> <span class='ocrx_word' id='word_1_204' title='bbox 799 2908 920 2987; x_wconf 88' lang='lat' dir='ltr'><strong>laudat,</strong></span> <span class='ocrx_word' id='word_1_205' title='bbox 945 2908 1008 2972; x_wconf 92' lang='lat' dir='ltr'><strong>nisi</strong></span> <span class='ocrx_word' id='word_1_206' title='bbox 1031 2906 1114 2972; x_wconf 85' lang='lat' dir='ltr'><strong>forte</strong></span> <span class='ocrx_word' id='word_1_207' title='bbox 1138 2907 1266 2988; x_wconf 84' lang='lat' dir='ltr'><strong>stupide</strong></span> <span class='ocrx_word' id='word_1_208' title='bbox 1291 2908 1431 2971; x_wconf 89' lang='lat' dir='ltr'><strong>auctoris</strong></span> <span class='ocrx_word' id='word_1_209' title='bbox 1454 2907 1552 2972; x_wconf 88' lang='lat' dir='ltr'><strong>verba</strong></span> 
     </span>
     <span class='ocr_line' id='line_1_24' title="bbox 325 3013 1549 3097; baseline -0.004 -15"><span class='ocrx_word' id='word_1_210' title='bbox 325 3021 358 3082; x_wconf 91' lang='lat' dir='ltr'><strong>et</strong></span> <span class='ocrx_word' id='word_1_211' title='bbox 392 3018 462 3097; x_wconf 89' lang='lat' dir='ltr'><strong>ipse</strong></span> <span class='ocrx_word' id='word_1_212' title='bbox 497 3017 657 3082; x_wconf 89' lang='lat' dir='ltr'><strong>decantat.</strong></span> <span class='ocrx_word' id='word_1_213' title='bbox 710 3016 776 3080; x_wconf 89' lang='lat' dir='ltr'><strong>lam</strong></span> <span class='ocrx_word' id='word_1_214' title='bbox 812 3033 887 3078; x_wconf 90' lang='lat' dir='ltr'><strong>vero</strong></span> <span class='ocrx_word' id='word_1_215' title='bbox 923 3014 1066 3080; x_wconf 91' lang='lat' dir='ltr'><strong>Dioclem</strong></span> <span class='ocrx_word' id='word_1_216' title='bbox 1102 3032 1193 3078; x_wconf 90' lang='lat' dir='ltr'><strong>suum</strong></span> <span class='ocrx_word' id='word_1_217' title='bbox 1228 3014 1331 3094; x_wconf 88' lang='lat' dir='ltr'><strong>primo</strong></span> <span class='ocrx_word' id='word_1_218' title='bbox 1360 3034 1390 3094; x_wconf 89' lang='lat' dir='ltr'><strong>p.</strong></span> <span class='ocrx_word' id='word_1_219' title='bbox 1417 3013 1489 3080; x_wconf 86' lang='lat' dir='ltr'><strong>Ohr.</strong></span> <span class='ocrx_word' id='word_1_220' title='bbox 1519 3033 1549 3077; x_wconf 90' lang='lat' dir='ltr'><strong>n.</strong></span> 
     </span>
     <span class='ocr_line' id='line_1_25' title="bbox 325 3121 1551 3205; baseline -0.004 -16"><span class='ocrx_word' id='word_1_221' title='bbox 325 3125 452 3189; x_wconf 88' lang='lat' dir='ltr'><strong>saeculo</strong></span> <span class='ocrx_word' id='word_1_222' title='bbox 477 3125 622 3205; x_wconf 84' lang='lat' dir='ltr'><strong>assignat</strong></span> <span class='ocrx_word' id='word_1_223' title='bbox 645 3123 856 3188; x_wconf 86' lang='lat' dir='ltr'><strong>Nietnscheus</strong></span> <span class='ocrx_word' id='word_1_224' title='bbox 881 3121 1002 3205; x_wconf 83' lang='lat' dir='ltr'><strong>[progr.</strong></span> <span class='ocrx_word' id='word_1_225' title='bbox 1027 3142 1058 3203; x_wconf 93' lang='lat' dir='ltr'><strong>p.</strong></span> <span class='ocrx_word' id='word_1_226' title='bbox 1078 3124 1096 3185; x_wconf 88' lang='lat'><strong>9</strong></span> <span class='ocrx_word' id='word_1_227' title='bbox 1121 3121 1200 3204; x_wconf 89' lang='lat' dir='ltr'><strong>sq.]:</strong></span> <span class='ocrx_word' id='word_1_228' title='bbox 1226 3121 1315 3187; x_wconf 87' lang='lat' dir='ltr'><strong>vides</strong></span> <span class='ocrx_word' id='word_1_229' title='bbox 1339 3125 1376 3184; x_wconf 90' lang='lat' dir='ltr'><strong>ut</strong></span> <span class='ocrx_word' id='word_1_230' title='bbox 1398 3121 1470 3201; x_wconf 89' lang='lat' dir='ltr'><strong>ipsa</strong></span> <span class='ocrx_word' id='word_1_231' title='bbox 1493 3139 1551 3202; x_wconf 94' lang='lat' dir='ltr'><strong>per</strong></span> 
     </span>
     <span class='ocr_line' id='line_1_26' title="bbox 326 3228 1551 3309; baseline -0.006 -13"><span class='ocrx_word' id='word_1_232' title='bbox 326 3251 360 3296; x_wconf 91' lang='lat' dir='ltr'><strong>se</strong></span> <span class='ocrx_word' id='word_1_233' title='bbox 396 3231 543 3296; x_wconf 88' lang='lat' dir='ltr'><strong>concidat</strong></span> <span class='ocrx_word' id='word_1_234' title='bbox 570 3231 805 3295; x_wconf 87' lang='lat' dir='ltr'><strong>Nietnscheaua</strong></span> <span class='ocrx_word' id='word_1_235' title='bbox 840 3231 904 3294; x_wconf 90' lang='lat' dir='ltr'><strong>ista</strong></span> <span class='ocrx_word' id='word_1_236' title='bbox 935 3229 1125 3294; x_wconf 88' lang='lat' dir='ltr'><strong>ratiuncula.</strong></span> <span class='ocrx_word' id='word_1_237' title='bbox 1158 3265 1196 3275; x_wconf 84' lang='lat'><strong>-</strong></span> <span class='ocrx_word' id='word_1_238' title='bbox 1226 3229 1386 3309; x_wconf 82' lang='lat' dir='ltr'><strong>Dogmata</strong></span> <span class='ocrx_word' id='word_1_239' title='bbox 1421 3228 1551 3309; x_wconf 86' lang='lat' dir='ltr'><strong>Epicuri</strong></span> 
     </span>
     <span class='ocr_line' id='line_1_27' title="bbox 325 3333 1551 3403; baseline -0.005 -1"><span class='ocrx_word' id='word_1_240' title='bbox 325 3338 408 3403; x_wconf 90' lang='lat' dir='ltr'><strong>unde</strong></span> <span class='ocrx_word' id='word_1_241' title='bbox 437 3338 562 3402; x_wconf 88' lang='lat' dir='ltr'><strong>furatus</strong></span> <span class='ocrx_word' id='word_1_242' title='bbox 591 3339 633 3402; x_wconf 89' lang='lat' dir='ltr'><strong>sit</strong></span> <span class='ocrx_word' id='word_1_243' title='bbox 666 3337 815 3400; x_wconf 87' lang='lat' dir='ltr'><strong>Laertius</strong></span> <span class='ocrx_word' id='word_1_244' title='bbox 844 3336 1035 3400; x_wconf 85' lang='lat' dir='ltr'><strong>Nietzscheo</strong></span> <span class='ocrx_word' id='word_1_245' title='bbox 1065 3333 1228 3400; x_wconf 88' lang='lat' dir='ltr'><strong>confessus</strong></span> <span class='ocrx_word' id='word_1_246' title='bbox 1258 3340 1308 3400; x_wconf 90' lang='lat' dir='ltr'><strong>est</strong></span> <span class='ocrx_word' id='word_1_247' title='bbox 1336 3334 1366 3399; x_wconf 88' lang='lat' dir='ltr'><strong>ll</strong></span> <span class='ocrx_word' id='word_1_248' title='bbox 1396 3336 1452 3399; x_wconf 76' lang='lat'><strong>28:</strong></span> <span class='ocrx_word' id='word_1_249' title='bbox 1483 3333 1551 3398; x_wconf 79' lang='grc' dir='ltr'><strong><em>ἐπι-</em></strong></span> 
     </span>
     <span class='ocr_line' id='line_1_28' title="bbox 323 3438 1551 3529; baseline -0.002 -22"><span class='ocrx_word' id='word_1_250' title='bbox 323 3444 424 3529; x_wconf 58' lang='grc' dir='ltr'><strong><em>τομήν</em></strong></span> <span class='ocrx_word' id='word_1_251' title='bbox 440 3444 471 3507; x_wconf 86' lang='lat' dir='ltr'><strong>d&#39;</strong></span> <span class='ocrx_word' id='word_1_252' title='bbox 485 3439 602 3520; x_wconf 77' lang='lat' dir='ltr'><strong>aiecio,</strong></span> <span class='ocrx_word' id='word_1_253' title='bbox 627 3445 657 3506; x_wconf 81' lang='lat' dir='ltr'><strong>si</strong></span> <span class='ocrx_word' id='word_1_254' title='bbox 680 3443 775 3523; x_wconf 79' lang='grc' dir='ltr'><strong><em>δοκεῖ,</em></strong></span> <span class='ocrx_word' id='word_1_255' title='bbox 801 3443 962 3506; x_wconf 70' lang='grc' dir='ltr'><strong><em>ἐκθέσθαι</em></strong></span> <span class='ocrx_word' id='word_1_256' title='bbox 989 3440 1186 3528; x_wconf 77' lang='grc' dir='ltr'><strong><em>πειράσομαι</em></strong></span> <span class='ocrx_word' id='word_1_257' title='bbox 1210 3490 1238 3506; x_wconf 93' lang='grc'><strong>..</strong></span> <span class='ocrx_word' id='word_1_258' title='bbox 1264 3438 1343 3504; x_wconf 78' lang='grc' dir='ltr'><strong><em>ὥστε</em></strong></span> <span class='ocrx_word' id='word_1_259' title='bbox 1366 3460 1400 3505; x_wconf 86' lang='grc' dir='ltr'><strong>σε</strong></span> <span class='ocrx_word' id='word_1_260' title='bbox 1422 3465 1551 3508; x_wconf 84' lang='grc' dir='ltr'><strong><em>παντα-</em></strong></span> 
     </span>
     <span class='ocr_line' id='line_1_29' title="bbox 322 3547 1548 3637; baseline -0.001 -22"><span class='ocrx_word' id='word_1_261' title='bbox 322 3551 424 3633; x_wconf 75' lang='grc' dir='ltr'><strong><em>χόθεν</em></strong></span> <span class='ocrx_word' id='word_1_262' title='bbox 448 3555 652 3633; x_wconf 69' lang='grc' dir='ltr'><strong><em>καταμαθεῖν</em></strong></span> <span class='ocrx_word' id='word_1_263' title='bbox 674 3548 729 3614; x_wconf 74' lang='grc' dir='ltr'><strong>τὸν</strong></span> <span class='ocrx_word' id='word_1_264' title='bbox 753 3551 861 3637; x_wconf 78' lang='grc' dir='ltr'><strong><em>ἄνδρα</em></strong></span> <span class='ocrx_word' id='word_1_265' title='bbox 888 3547 971 3633; x_wconf 67' lang='lat' dir='ltr'><strong>acius</strong></span> <span class='ocrx_word' id='word_1_266' title='bbox 1000 3555 1117 3634; x_wconf 82' lang='grc' dir='ltr'><strong><em>κρίνειν</em></strong></span> <span class='ocrx_word' id='word_1_267' title='bbox 1145 3550 1271 3614; x_wconf 73' lang='grc' dir='ltr'><strong><em>εἰδέναι.</em></strong></span> <span class='ocrx_word' id='word_1_268' title='bbox 1317 3549 1387 3630; x_wconf 83' lang='lat' dir='ltr'><strong>Ego</strong></span> <span class='ocrx_word' id='word_1_269' title='bbox 1411 3549 1548 3630; x_wconf 83' lang='lat' dir='ltr'><strong>quidem,</strong></span> 
     </span>
     <span class='ocr_line' id='line_1_30' title="bbox 325 3657 1549 3742; baseline -0.002 -19"><span class='ocrx_word' id='word_1_270' title='bbox 325 3659 402 3742; x_wconf 86' lang='lat' dir='ltr'><strong>quid</strong></span> <span class='ocrx_word' id='word_1_271' title='bbox 430 3659 470 3724; x_wconf 90' lang='lat' dir='ltr'><strong>de</strong></span> <span class='ocrx_word' id='word_1_272' title='bbox 501 3663 632 3723; x_wconf 89' lang='lat' dir='ltr'><strong>auctore</strong></span> <span class='ocrx_word' id='word_1_273' title='bbox 662 3677 719 3722; x_wconf 92' lang='lat' dir='ltr'><strong>suo</strong></span> <span class='ocrx_word' id='word_1_274' title='bbox 748 3660 913 3740; x_wconf 89' lang='lat' dir='ltr'><strong>aperuerit</strong></span> <span class='ocrx_word' id='word_1_275' title='bbox 940 3659 1103 3736; x_wconf 83' lang='lat' dir='ltr'><strong>Laertius,</strong></span> <span class='ocrx_word' id='word_1_276' title='bbox 1139 3657 1185 3721; x_wconf 92' lang='lat' dir='ltr'><strong>ibi</strong></span> <span class='ocrx_word' id='word_1_277' title='bbox 1213 3675 1277 3721; x_wconf 91' lang='lat' dir='ltr'><strong>non</strong></span> <span class='ocrx_word' id='word_1_278' title='bbox 1305 3657 1447 3722; x_wconf 83' lang='lat' dir='ltr'><strong>invenio:</strong></span> <span class='ocrx_word' id='word_1_279' title='bbox 1479 3657 1549 3737; x_wconf 89' lang='lat' dir='ltr'><strong>ipse</strong></span> 
     </span>
     <span class='ocr_line' id='line_1_31' title="bbox 326 3763 1547 3848; baseline -0.003 -18"><span class='ocrx_word' id='word_1_280' title='bbox 326 3768 411 3831; x_wconf 90' lang='lat' dir='ltr'><strong>enim</strong></span> <span class='ocrx_word' id='word_1_281' title='bbox 432 3766 580 3829; x_wconf 88' lang='lat' dir='ltr'><strong>Laertius</strong></span> <span class='ocrx_word' id='word_1_282' title='bbox 603 3765 755 3846; x_wconf 83' lang='lat' dir='ltr'><strong>loquitur,</strong></span> <span class='ocrx_word' id='word_1_283' title='bbox 780 3786 844 3831; x_wconf 90' lang='lat' dir='ltr'><strong>non</strong></span> <span class='ocrx_word' id='word_1_284' title='bbox 867 3766 995 3830; x_wconf 89' lang='lat' dir='ltr'><strong>Diocles</strong></span> <span class='ocrx_word' id='word_1_285' title='bbox 1020 3765 1071 3848; x_wconf 87' lang='lat' dir='ltr'><strong>[cf.</strong></span> <span class='ocrx_word' id='word_1_286' title='bbox 1097 3764 1384 3828; x_wconf 88' lang='lat' dir='ltr'><strong>Freudenthalium</strong></span> <span class='ocrx_word' id='word_1_287' title='bbox 1405 3783 1435 3844; x_wconf 87' lang='lat' dir='ltr'><strong>p.</strong></span> <span class='ocrx_word' id='word_1_288' title='bbox 1458 3763 1547 3846; x_wconf 61' lang='lat'>308}</span> 
     </span>
     <span class='ocr_line' id='line_1_32' title="bbox 324 3870 1549 3955; baseline -0.003 -18"><span class='ocrx_word' id='word_1_289' title='bbox 324 3911 369 3920; x_wconf 91' lang='lat'>-</span> <span class='ocrx_word' id='word_1_290' title='bbox 397 3873 445 3937; x_wconf 90' lang='lat' dir='ltr'><strong>Ne</strong></span> <span class='ocrx_word' id='word_1_291' title='bbox 480 3874 519 3937; x_wconf 89' lang='lat' dir='ltr'><strong>de</strong></span> <span class='ocrx_word' id='word_1_292' title='bbox 558 3874 709 3955; x_wconf 90' lang='lat' dir='ltr'><strong>epicurea</strong></span> <span class='ocrx_word' id='word_1_293' title='bbox 746 3873 875 3954; x_wconf 89' lang='lat' dir='ltr'><strong>quidem</strong></span> <span class='ocrx_word' id='word_1_294' title='bbox 910 3872 1056 3938; x_wconf 89' lang='lat' dir='ltr'><strong>doctrina</strong></span> <span class='ocrx_word' id='word_1_295' title='bbox 1091 3872 1171 3936; x_wconf 88' lang='lat' dir='ltr'><strong>certi</strong></span> <span class='ocrx_word' id='word_1_296' title='bbox 1210 3870 1382 3953; x_wconf 86' lang='lat' dir='ltr'><strong>quidquam</strong></span> <span class='ocrx_word' id='word_1_297' title='bbox 1421 3870 1549 3936; x_wconf 89' lang='lat' dir='ltr'><strong>edocuit</strong></span> 
     </span>
     <span class='ocr_line' id='line_1_33' title="bbox 325 3981 544 4048; baseline 0.005 -3"><span class='ocrx_word' id='word_1_298' title='bbox 325 3981 544 4048; x_wconf 87' lang='lat' dir='ltr'><strong>Nietzseheus.</strong></span> 
     </span>
    </p>
   </div>
   <div class='ocr_carea' id='block_1_4' title="bbox 326 4151 1548 4494">
    <p class='ocr_par' dir='ltr' id='par_1_5' title="bbox 326 4151 1548 4494">
     <span class='ocr_line' id='line_1_34' title="bbox 398 4151 1547 4227; baseline -0.002 -17"><span class='ocrx_word' id='word_1_299' title='bbox 398 4157 422 4227; x_wconf 81' lang='lat'><strong>⁵)</strong></span> <span class='ocrx_word' id='word_1_300' title='bbox 442 4157 628 4212; x_wconf 78' lang='lat' dir='ltr'><strong>conlationem</strong></span> <span class='ocrx_word' id='word_1_301' title='bbox 653 4173 679 4224; x_wconf 86' lang='lat' dir='ltr'><strong>p.</strong></span> <span class='ocrx_word' id='word_1_302' title='bbox 702 4159 754 4212; x_wconf 81' lang='lat'><strong>309</strong></span> <span class='ocrx_word' id='word_1_303' title='bbox 773 4154 1005 4210; x_wconf 82' lang='lat' dir='ltr'><strong>Fraudenthalius</strong></span> <span class='ocrx_word' id='word_1_304' title='bbox 1029 4152 1176 4220; x_wconf 81' lang='lat' dir='ltr'><strong>adscripsit</strong></span> <span class='ocrx_word' id='word_1_305' title='bbox 1198 4151 1349 4206; x_wconf 88' lang='lat' dir='ltr'><strong>Burbonici</strong></span> <span class='ocrx_word' id='word_1_306' title='bbox 1372 4159 1401 4206; x_wconf 86' lang='lat' dir='ltr'><strong>et</strong></span> <span class='ocrx_word' id='word_1_307' title='bbox 1424 4153 1547 4208; x_wconf 89' lang='lat' dir='ltr'><strong>Lauren·</strong></span> 
     </span>
     <span class='ocr_line' id='line_1_35' title="bbox 328 4240 1548 4315; baseline -0.002 -16"><span class='ocrx_word' id='word_1_308' title='bbox 328 4246 404 4300; x_wconf 86' lang='lat' dir='ltr'><strong>tiani.</strong></span> <span class='ocrx_word' id='word_1_309' title='bbox 442 4247 503 4315; x_wconf 90' lang='lat' dir='ltr'><strong>Ipse</strong></span> <span class='ocrx_word' id='word_1_310' title='bbox 522 4245 752 4301; x_wconf 87' lang='lat' dir='ltr'><strong>Freudenthelius</strong></span> <span class='ocrx_word' id='word_1_311' title='bbox 770 4262 856 4314; x_wconf 89' lang='lat' dir='ltr'><strong>prava</strong></span> <span class='ocrx_word' id='word_1_312' title='bbox 875 4243 972 4300; x_wconf 82' lang='lat' dir='ltr'><strong>Gobeti</strong></span> <span class='ocrx_word' id='word_1_313' title='bbox 991 4241 1167 4297; x_wconf 87' lang='lat' dir='ltr'><strong>distinetione</strong></span> <span class='ocrx_word' id='word_1_314' title='bbox 1191 4240 1320 4294; x_wconf 88' lang='lat' dir='ltr'><strong>inductus</strong></span> <span class='ocrx_word' id='word_1_315' title='bbox 1344 4248 1406 4309; x_wconf 88' lang='lat' dir='ltr'><strong>post</strong></span> <span class='ocrx_word' id='word_1_316' title='bbox 1429 4246 1548 4314; x_wconf 80' lang='grc' dir='ltr'><strong><em>εἴπωμεν</em></strong></span> 
     </span>
     <span class='ocr_line' id='line_1_36' title="bbox 327 4331 1546 4404; baseline -0.002 -15"><span class='ocrx_word' id='word_1_317' title='bbox 327 4334 473 4389; x_wconf 89' lang='lat' dir='ltr'><strong>subtimide</strong></span> <span class='ocrx_word' id='word_1_318' title='bbox 503 4336 621 4390; x_wconf 86' lang='lat' dir='ltr'><strong>coniecit</strong></span> <span class='ocrx_word' id='word_1_319' title='bbox 653 4335 787 4391; x_wconf 84' lang='lat' dir='ltr'><strong>excidisse</strong></span> <span class='ocrx_word' id='word_1_320' title='bbox 816 4334 892 4390; x_wconf 86' lang='lat' dir='ltr'><strong>velut</strong></span> <span class='ocrx_word' id='word_1_321' title='bbox 920 4331 1132 4404; x_wconf 74' lang='grc' dir='ltr'><strong><em>ὑπογραφωμεν.</em></strong></span> <span class='ocrx_word' id='word_1_322' title='bbox 1164 4364 1197 4374; x_wconf 90' lang='grc'>-</span> <span class='ocrx_word' id='word_1_323' title='bbox 1229 4331 1401 4386; x_wconf 85' lang='lat' dir='ltr'><strong>Bahnschius</strong></span> <span class='ocrx_word' id='word_1_324' title='bbox 1429 4332 1546 4386; x_wconf 80' lang='lat' dir='ltr'><strong>traditae</strong></span> 
     </span>
     <span class='ocr_line' id='line_1_37' title="bbox 326 4423 1091 4494; baseline -0.004 -16"><span class='ocrx_word' id='word_1_325' title='bbox 326 4425 479 4493; x_wconf 83' lang='lat' dir='ltr'><strong>scripturae</strong></span> <span class='ocrx_word' id='word_1_326' title='bbox 498 4425 606 4480; x_wconf 87' lang='lat' dir='ltr'><strong>nescius</strong></span> <span class='ocrx_word' id='word_1_327' title='bbox 625 4425 658 4481; x_wconf 89' lang='lat' dir='ltr'><strong>de</strong></span> <span class='ocrx_word' id='word_1_328' title='bbox 679 4424 836 4494; x_wconf 84' lang='lat' dir='ltr'><strong>corruptela</strong></span> <span class='ocrx_word' id='word_1_329' title='bbox 854 4423 986 4492; x_wconf 75' lang='lat' dir='ltr'><strong>cogitamt</strong></span> <span class='ocrx_word' id='word_1_330' title='bbox 1003 4438 1029 4489; x_wconf 91' lang='lat' dir='ltr'><strong>p.</strong></span> <span class='ocrx_word' id='word_1_331' title='bbox 1049 4423 1091 4476; x_wconf 80' lang='lat'><strong>42.</strong></span> 
     </span>
    </p>
   </div>
   <div class='ocr_carea' id='block_1_5' title="bbox 0 0 1762 5268">
    <p class='ocr_par' dir='ltr' id='par_1_6' title="bbox 0 0 1762 5268">
     <span class='ocr_line' id='line_1_38' title="bbox 0 0 1762 5268; baseline 0 0"><span class='ocrx_word' id='word_1_332' title='bbox 0 0 1762 5268; x_wconf 95' lang='lat' dir='ltr'><strong> </strong></span> 
     </span>
    </p>
   </div>
  </div>
 </body>
</html>
