3516 5272
1419 481 1438 545 5

212 669 392 752 confutare,
428 673 616 755 praeplacet
641 673 774 737 nimium
804 672 882 736 mihi
911 673 974 753 ipsi
1002 673 1035 737 in
1069 693 1104 737 re
1132 674 1302 740 manifesta
1335 675 1438 741 videri

212 797 307 861 quam
332 797 409 861 erga
432 778 657 845 Nietzscheum
681 780 852 860 ingratum,
882 780 1001 862 quippe
1025 779 1075 844 cui
1100 781 1140 845 ob
1171 781 1244 845 illas
1268 801 1348 863 quas
1371 783 1437 848 dixi

214 886 500 952 commentationes
528 905 578 950 me
609 887 746 951 sentiam
776 886 967 952 devinctum.
1016 887 1097 951 Nam
1125 892 1280 970 quotum
1307 890 1437 971 vigebat

214 994 329 1060 ardore
352 993 485 1059 iuvenili
507 992 634 1057 libellos
659 1010 734 1058 suos
757 992 805 1056 ita
828 992 952 1074 imbuit,
978 997 1014 1058 ut
1036 994 1212 1076 legentium
1238 996 1361 1061 animos
1385 1016 1436 1062 ca-

211 1103 282 1185 piat
307 1106 340 1166 et
363 1104 561 1166 commoveat
584 1105 681 1182 atque
697 1099 778 1165 adeo
801 1104 893 1164 tanta
909 1099 1082 1181 perfundat
1105 1102 1280 1184 voluptate,
1305 1109 1342 1168 ut
1357 1105 1437 1170 vitia

212 1207 501 1292 argumentationis
525 1207 586 1272 nisi
610 1212 703 1271 acute
726 1207 866 1272 viderint
889 1226 954 1272 non
977 1208 1158 1290 dispiciant.
1198 1210 1241 1274 Et
1264 1211 1343 1276 vitia
1367 1213 1436 1294 qui·

212 1318 283 1383 dem
311 1336 350 1381 ex
380 1336 444 1381 una
471 1316 531 1380 hac
554 1333 590 1380 re
623 1315 730 1380 omnia
763 1313 857 1379 facilc
892 1321 1083 1396 repetuntur
1122 1317 1221 1398 quod,
1259 1318 1336 1400 quid
1365 1338 1435 1384 esse

210 1425 323 1506 possit,
349 1424 425 1507 quid
449 1423 493 1488 sit
515 1422 698 1502 verisimile,
724 1423 801 1504 quid
824 1439 957 1504 prorsus
972 1425 1199 1505 necessarium,
1224 1443 1283 1490 nec
1299 1425 1332 1490 id
1355 1431 1435 1491 tem-

210 1532 299 1614 poris
322 1550 426 1615 neque
449 1548 590 1613 unquam
611 1529 792 1595 discernere
808 1531 925 1612 potuit,
949 1530 1081 1612 profusa
1096 1551 1211 1614 nempe
1236 1534 1344 1615 c'upita
1367 1533 1435 1599 effi-

212 1639 316 1705 ciendi
344 1639 477 1704 libidine
501 1638 662 1703 interdum
686 1638 778 1720 quasi
802 1638 993 1704 caecutiens.
1042 1639 1157 1704 Tribus
1182 1641 1309 1706 omnino
1335 1643 1434 1724 scrip-

210 1746 335 1812 toribus
364 1747 418 1811 ille
443 1745 607 1810 Laertium
636 1764 728 1810 usum
757 1763 828 1811 esse
852 1752 971 1826 censet,
1001 1747 1112 1811 Diocle
1136 1748 1349 1830 potissimum,
1374 1749 1434 1814 Fa-

209 1845 335 1935 vorino,
367 1853 507 1934 sceptico
531 1852 682 1934 quodam3
712 1853 833 1918 Dioclis
856 1853 1036 1938 ἐπιδρομὴν
1059 1858 1124 1919 τῶν
1147 1853 1338 1939 φιλοσόφων
1362 1875 1434 1921 cum

210 1962 244 2026 in
275 1966 381 2026 artum
412 1960 556 2042 coegisse
585 1959 786 2041 interpositis
816 1960 977 2025 nonnullis
1011 1962 1050 2025 de
1079 1961 1238 2028 Favorino
1273 1963 1434 2045 decerptis

209 2067 472 2147 narratiunculis;
498 2066 710 2148 sceptioorum
735 2066 871 2149 denique
888 2072 921 2132 et
936 2068 1057 2150 placita
1080 2073 1113 2134 et
1137 2070 1369 2134 successionem
1394 2071 1433 2136 de

210 2176 341 2242 serioris
365 2172 469 2257 aevi¹l
493 2173 649 2255 scriptore
672 2175 869 2255 provenisse.
916 2175 959 2240 Et
983 2173 1042 2240 hoc
1070 2176 1198 2259 quidem
1222 2195 1333 2242 verum
1355 2176 1433 2242 mihi

208 2283 346 2363 videtur,
370 2282 480 2364 priora
503 2287 598 2346 erunt
620 2281 750 2346 reicula.

299 2390 399 2457 Simul
434 2409 504 2454 cum
534 2387 725 2453 Nietzscheo
757 2388 814 2453 Fr.
846 2389 1095 2454 Bahnschius
1128 2391 1361 2471 ‘quaestionum
1393 2393 1433 2457 de

209 2499 332 2564 Laertii
355 2497 510 2579 Diogenis
534 2495 676 2561 fontibus
700 2497 802 2561 initia’
830 2495 919 2581 [diss.
945 2498 1212 2579 Regimontanam
1232 2497 1433 2564 Gumbinnae

212 2605 311 2690 1868]
342 2604 533 2686 conscripsit
561 2603 668 2669 sobrio
705 2610 862 2688 cautoque
897 2605 1014 2669 iudicio
1046 2605 1225 2685 conspicua.
1280 2605 1341 2682 Qui
1369 2625 1433 2670 non

208 2711 351 2777 universi
367 2692 481 2793 'operis
506 2711 662 2793 originem
687 2705 808 2793 cupivit
831 2712 958 2794 aperire
983 2712 1040 2777 sed
1063 2717 1129 2776 tarn
1154 2715 1299 2793 angustis
1323 2715 1433 2779 termi-

207 2821 258 2884 nis
283 2820 503 2901 quaestionem
533 2819 705 2899 continuit,
736 2823 773 2884 ut
795 2820 919 2884 Laertii
948 2820 1141 2899 doctrinam,
1173 2821 1201 2884 si
1228 2839 1310 2901 quae
1336 2828 1431 2903 esset,

208 2933 242 2992 et
265 2927 425 2992 scribendi
449 2927 607 2991 rationem
630 2927 805 2991 inlustrare
828 2927 926 2991 vellet
949 2928 1111 3008 exemplis.
1147 2925 1290 3008 Cumque
1314 2929 1432 2992 exami-

207 3038 286 3099 nata
313 3033 456 3098 locorum
486 3033 578 3115 copia
607 3033 822 3098 intellexisset
849 3052 909 3098 nea
938 3033 1147 3115 philosophos
1176 3051 1236 3097 nec
1259 3033 1431 3100 historicos

205 3141 377 3223 perpaucis
401 3141 543 3221 exceptis
568 3141 630 3221 ipsi
654 3141 833 3205 innotuisse
857 3140 1005 3220 Laertio,
1037 3141 1162 3205 addidit
1185 3159 1267 3222 quae
1291 3142 1331 3206 de
1355 3142 1430 3207 libri

207 3248 438 3329 compositione
454 3247 515 3312 sibi
538 3248 713 3341 placerent.
753 3247 796 3312 Et
812 3249 965 3312 maiorem
982 3248 1110 3330 quidem
1133 3254 1259 3329 partem
1283 3267 1320 3313 ac
1339 3251 1431 3331 quasi

206 3355 447 3420 fundamentum
471 3374 510 3420 ex
534 3354 750 3436 compluribus
773 3355 912 3421 vitarum
934 3355 1182 3437 dogmatumque
1205 3353 1374 3421 breviariis
1398 3362 1431 3423 et

207 3461 514 3544 apophthegmatum
543 3462 793 3529 conlectionihus
822 3465 851 3528 ci
878 3464 1006 3528 ridetur
1035 3463 1251 3528 construxisse
1280 3464 1369 3529 velut
1392 3482 1431 3529 ex

206 3569 353 3635 Neanthe
389 3570 550 3651 Antigono
585 3571 762 3651 Hermippo
797 3569 969 3634 Heraclide
1004 3569 1124 3634 Lembo
1160 3569 1342 3666 [ξωτίωνος
1376 3571 1430 3633 καὶ

204 3675 354 3762 Σατύρου
383 3674 518 3760 ἐπιτομή
542 3676 580 3742 cf.
606 3678 695 3742 Diels
719 3679 850 3759 doxogr.
882 3679 989 3759 graeci
1012 3698 1043 3759 p.
1072 3680 1134 3742 148
1160 3677 1221 3762 sq]
1267 3678 1429 3745 Sosierate

205 3785 397 3850 Antisthene
421 3785 603 3850 Alexandro
627 3785 829 3867 Polyhistore
858 3785 1045 3866 Hippoboto
1069 3785 1265 3866 Apollodoro
1294 3787 1429 3852 chrono-

204 3893 344 3975 grapho,
380 3893 535 3958 minorem
564 3911 603 3956 ex
632 3893 686 3973 iis,
718 3893 773 3974 qui
801 3892 890 3958 velut
920 3893 1070 3958 Fauorini
1102 3889 1212 3958 Sabini
1240 3893 1428 3975 Pamphilae

275 4143 299 4213 1)
318 4143 475 4213 Sceptioum
494 4143 560 4198 dicit
572 4142 762 4212 Nietzscheus,
782 4143 854 4212 quod
873 4142 961 4213 prima
980 4143 1052 4212 apud
1066 4142 1206 4198 Laertium
1222 4142 1351 4212 loquatur
1363 4159 1427 4212 per·

202 4249 276 4288 sona.
314 4233 346 4287 Id
364 4233 476 4287 falsum:
496 4249 551 4287 non
569 4232 692 4301 loquitur
710 4233 770 4302 ipsa
789 4233 837 4287 sed
856 4232 971 4300 loquens
995 4233 1136 4286 inducitur
1155 4231 1230 4286 velut
1248 4229 1289 4285 IX
1307 4234 1342 4288 74
1361 4253 1426 4306 προ-

202 4324 342 4394 φερόμεθα
361 4325 397 4388 δὲ,
422 4343 517 4394 φασι,
542 4323 588 4385 τὰς
611 4321 763 4394 ἀποφάσεις
784 4327 822 4385 εἰς
839 4323 953 4395 μήνυσιν
978 4323 1021 4388 τῆς
1040 4319 1236 4393 ἀπροπτωσίας.
1275 4319 1317 4376 De
1337 4322 1426 4378 Theo·

201 4413 278 4467 dosio
298 4412 403 4467 Laertii
422 4418 534 4468 auctore
553 4417 644 4467 actum
663 4419 712 4468 est.
751 4412 791 4467 Cf.
809 4429 900 4482 progr.
919 4428 946 4481 p.
969 4414 1008 4467 lo.
1028 4410 1165 4465 Bahnsch.
1183 4426 1209 4480 p.
1230 4411 1272 4466 55.
