3506 5272
340 497 402 559 146

339 673 506 751 excerptos
530 686 600 734 esse
626 668 659 733 in
684 666 813 750 Sopatri
835 667 918 733 libro
941 667 987 734 Vl
1009 667 1095 733 solos
1111 668 1249 750 primum
1269 672 1417 750 quartum
1440 685 1558 732 nonum

339 776 504 840 decimum.
551 775 585 839 in
608 791 667 839 sua
689 779 798 839 autem
821 772 1035 856 explicatione
1057 773 1139 839 nihil
1162 774 1305 841 ostendit
1319 773 1381 839 nisi
1402 773 1558 839 sermonis

338 881 453 948 Gracci
476 881 700 963 ignorantiam.
739 899 850 946 verum
870 880 904 945 in
926 880 1099 962 propatulo
1122 885 1182 962 est,
1206 885 1295 946 recte
1317 879 1516 945 intellectum
1538 897 1559 943 a

337 987 482 1053 Nauckio
500 986 628 1071 (Philol.
641 987 671 1053 V
683 986 771 1071 704).
807 987 984 1052 Favorinus
996 986 1102 1053 XXIV
1117 986 1217 1052 libros
1233 979 1398 1053 doctrinae
1415 984 1559 1052 confusa·

337 1113 418 1160 neae
438 1095 608 1176 congessit,
633 1094 743 1175 eisque
758 1093 885 1158 litteras
901 1112 965 1158 non
980 1111 1131 1160 numeros
1146 1093 1319 1176 inscripsit.
1359 1111 1436 1174 ergo
1452 1096 1558 1157 actum

339 1207 389 1267 est
404 1202 443 1266 de
458 1202 560 1266 lexico
576 1220 636 1282 per
652 1200 812 1265 elementa
827 1198 964 1281 digesto,
993 1204 1099 1264 actum
1123 1199 1250 1264 omnino
1268 1199 1308 1264 de
1324 1198 1361 1266 0.
1377 1199 1418 1265 H.
1436 1199 1558 1264 ordine.

337 1308 546 1391 homonymos
570 1307 694 1391 aliquot
717 1308 887 1388 congestos
910 1323 981 1371 esse
1005 1324 1025 1370 a
1048 1305 1153 1372 Gellio
1170 1306 1330 1372 audimus:
1357 1305 1414 1371 sed
1437 1304 1560 1370 nullum

339 1415 483 1498 suppetit
497 1415 678 1496 vestigium,
697 1431 752 1479 eur
768 1412 855 1478 ultra
870 1412 996 1478 Aeliani
1012 1412 1144 1478 Variam
1159 1412 1327 1478 historiam
1342 1412 1403 1479 hoc
1419 1413 1560 1478 studium

339 1521 517 1604 Omnigena
540 1520 692 1588 Fauorini
714 1517 840 1585 foverit.
888 1518 1010 1584 nullum
1033 1519 1204 1601 vestigium
1228 1519 1379 1602 suppetit,
1405 1537 1461 1584 cur
1484 1517 1560 1584 Dio·

340 1646 436 1710 genes
459 1628 493 1692 in
517 1628 583 1694 suis
606 1626 869 1708 homonymorum
893 1625 1048 1707 catalogis
1071 1625 1198 1693 omnino
1222 1644 1299 1693 usus
1322 1644 1394 1692 esse
1410 1626 1561 1692 credatur

339 1733 490 1801 Fauorini
514 1732 550 1799 0.
575 1733 614 1798 Η.
668 1751 743 1797 nam
765 1732 966 1798 Pittacorum
995 1732 1042 1815 (in
1071 1731 1185 1815 quibus
1209 1731 1432 1799 Memorabilia
1459 1731 1560 1799 nomi-

338 1840 469 1925 nantur)
493 1840 688 1921 peculiarem
710 1839 869 1904 rationem
893 1857 964 1904 esse
986 1839 1056 1921 ipse
1079 1842 1167 1905 recte
1191 1839 1376 1921 exposuisti.

428 1947 515 2029 Ergo
540 1965 579 2012 ea
603 1947 727 2030 species
743 1946 939 2028 omnigenae
955 1945 1119 2012 Historiae
1143 1964 1224 2028 quae
1249 1951 1282 2011 et
1305 1965 1344 2011 ex
1366 1946 1463 2012 certis
1485 1945 1560 2012 reli·

339 2055 423 2137 quiis
452 2059 485 2119 et
515 2072 554 2118 ex
583 2058 671 2120 certo
699 2053 739 2119 de
768 2053 879 2120 ordine
909 2052 1093 2118 testimonio
1123 2052 1250 2136 exurgit
1276 2052 1408 2118 Variam
1434 2053 1561 2118 Aeliani

339 2161 518 2227 Historiam
544 2160 771 2243 potiusquam
799 2163 891 2225 tuum
915 2158 1021 2225 Cornu
1050 2158 1168 2242 (lopiac
1191 2160 1388 2243 aequiperat.
1432 2165 1560 2242 potera-

340 2286 452 2332 musne
477 2265 564 2331 aliud
587 2271 757 2349 expectare
778 2267 992 2332 aFavorinol
1014 2265 1176 2331 hominem
1193 2266 1313 2331 saeculi
1333 2266 1382 2331 sui
1399 2267 1560 2349 exemplar

341 2373 471 2439 memini
500 2372 671 2456 aliquando
699 2392 750 2438 me
778 2389 852 2438 eum
874 2389 1015 2452 vocasse,
1040 2371 1166 2438 solocce
1189 2373 1434 2454 atticissantem,
1457 2372 1560 2455 philo·

340 2478 476 2563 sophum
504 2477 681 2560 rhetorem,
706 2479 844 2545 aulicum
866 2477 1029 2544 libertatis
1057 2478 1255 2561 iactatorem,
1285 2480 1464 2546 eunuchum
1486 2501 1561 2562 pru·

340 2588 486 2666 rientem,
511 2585 689 2666 cymbalum
711 2585 831 2667 mundi,
859 2589 897 2650 ut
919 2584 1002 2667 Apio
1025 2583 1087 2651 fuit
1109 2584 1241 2651 meliore
1265 2591 1388 2668 aetate,
1413 2589 1469 2653 sed
1492 2607 1561 2654 sur-

342 2695 417 2758 dum
440 2691 628 2775 cymhalum.
664 2690 743 2759 facit
755 2691 831 2758 talis
853 2692 903 2758 uir
926 2690 984 2775 (sit
998 2692 1093 2759 venia
1107 2691 1219 2776 verbo)
1244 2691 1285 2758 ad
1308 2698 1449 2760 aetatem
1472 2697 1562 2762 cuius

341 2799 439 2865 iacies
462 2798 552 2866 vario
576 2798 704 2880 quidem
733 2799 839 2866 colore
868 2803 902 2864 et
928 2798 1024 2864 hilari
1051 2799 1149 2880 nitet,
1179 2799 1236 2866 sed
1258 2818 1296 2865 eo
1321 2800 1428 2867 colore
1451 2803 1562 2886 quiin

342 2908 497 2974 cadavere
524 2906 727 2988 putredinem
761 2906 905 2990 proxime
935 2905 1111 2986 antecedit,
1141 2906 1205 2972 nisi
1232 2903 1316 2973 forte
1342 2906 1432 2974 fucus
1456 2913 1506 2974 est
1529 2915 1564 2976 et

340 3014 513 3097 paeder0s3
538 3015 679 3078 aetatem
696 3013 785 3079 cuius
801 3012 880 3078 deus
897 3016 947 3077 est
962 3011 1117 3093 exoletus,
1142 3011 1258 3078 decora
1273 3012 1417 3080 Graecae
1432 3013 1562 3097 linguae

342 3120 501 3187 Aristides
525 3119 679 3185 comitiali
702 3119 823 3201 morbo,
848 3119 984 3185 Latinae
1003 3118 1124 3185 Fronto
1147 3118 1292 3202 podagra
1315 3122 1449 3203 enecati,
1475 3123 1565 3189 deni-

342 3246 404 3310 que
434 3226 487 3292 hic
514 3225 627 3291 Gallus
662 3226 695 3290 in
728 3229 867 3309 utraque
895 3225 1005 3309 lingua
1033 3226 1280 3308 disertissimus,
1311 3227 1400 3294 emus
1426 3227 1565 3312 figuram

341 3332 472 3398 Polemo
496 3331 700 3398 aduersarius
723 3333 756 3397 in
771 3332 1089 3416 Physiognomonicis
1112 3333 1159 3397 ita
1182 3331 1353 3415 descripsit
1376 3333 1476 3418 (apud
1491 3337 1563 3405 Val.

342 3441 481 3506 Roseum
504 3438 563 3502 An.
582 3437 636 3505 Gr.
653 3438 686 3503 Π
701 3438 757 3522 71)
780 3443 906 3504 tensam
916 3439 1082 3523 frontem,
1103 3459 1212 3523 genas
1226 3439 1347 3513 molles,
1373 3461 1409 3506 or
1430 3443 1562 3520 laxum,

341 3543 495 3610 cervicem
518 3547 658 3618 tenuem,
684 3563 797 3608 crassa
819 3565 934 3619 crura,
954 3545 1053 3631 pedes
1072 3545 1190 3632 plenos
1211 3551 1381 3632 tamquam
1402 3551 1566 3636 congestas

342 3649 471 3738 pulpas,
496 3669 603 3716 vocem
613 3648 816 3734 samaraeum,
840 3652 937 3717 uerba
960 3651 1149 3726 muliebrio,
1175 3654 1319 3718 membra
1347 3659 1380 3719 et
1403 3655 1567 3722 artr'culos

341 3778 453 3822 omnes
474 3755 549 3822 rr'ne
568 3755 684 3843 urgere
706 3758 804 3824 laxos
824 3763 858 3826 et
877 3758 1061 3826 detrudatur.
1101 3764 1209 3826 utrum
1230 3760 1289 3827 tali
1312 3761 1433 3828 homini
1456 3763 1566 3830 Omni·

342 3880 425 3944 gena
457 3861 595 3928 historia
628 3864 756 3946 qualem
791 3883 849 3947 ego
885 3867 926 3931 ad
953 3865 1080 3932 Aeliani
1113 3868 1319 3950 praenestina
1353 3868 1567 3938 atticissantis

343 3968 523 4050 exemplum
562 3970 710 4054 discripsi
751 3990 792 4037 an
830 3976 921 4039 tuum
961 3973 1064 4040 omnis
1106 3973 1335 4057 biographicae
1374 3975 1568 4045 cruditionis

342 4076 600 4158 promptuarium
623 4079 791 4144 convenit?

432 4182 622 4249 Miraculum
649 4182 729 4250 facis
755 4183 962 4266 Favorinum,
995 4185 1132 4251 alterum
1159 4186 1347 4254 miraculum
1375 4188 1569 4272 Diogenem.

343 4289 420 4372 quid
437 4289 542 4355 enim?
577 4293 741 4354 curtante
757 4288 887 4355 molitus
904 4295 955 4356 cst
969 4291 1113 4358 misellus
1128 4293 1233 4374 homo,
1253 4295 1342 4361 cuius
1354 4296 1573 4366 calliditatem

343 4413 456 4462 vereor
473 4413 513 4460 ne
530 4395 616 4462 solus
632 4399 669 4461 tu
685 4395 796 4476 iactes,
821 4395 849 4460 si
871 4394 972 4463 nihilo
995 4397 1099 4463 minus
1116 4397 1204 4466 haus
1219 4401 1382 4484 perpluit?
1405 4421 1469 4485 qua
1491 4407 1573 4471 tan-
